1383 2365
85 108 131 144 62
531 108 834 146 OATULLUS.

622 230 741 266 XCV.

81 313 253 360 Zmyrna
281 311 358 347 mei
387 310 545 357 Cinnae,
577 324 719 348 nonam
748 316 836 361 post
864 312 1032 361 denique
1060 324 1222 349 messem

139 376 266 421 Quam
295 380 430 425 coepta
458 380 516 412 est
545 389 766 425 nonamque
794 376 899 413 edita
927 380 1015 426 post
1043 376 1220 423 hiemem,

87 440 202 477 Milia
230 454 316 477 cum
347 440 497 477 interea
526 440 742 490 quingenta
772 440 1013 477 Hortensius
1042 453 1121 477 uno

83 572 253 619 Zmyrna
272 583 386 606 cavas
406 569 585 606 Satrachi
605 569 762 619 penitus
782 569 964 606 mittetur
983 569 1032 606 ad
1052 570 1187 615 undas,
1258 569 1281 606 5

136 636 347 683 Zmyrnam
376 648 472 671 cana
500 634 568 670 diu
597 635 748 672 saecula
776 634 1016 684 pervoluent.

90 701 145 736 At
173 699 315 736 Volusi
343 700 501 736 annales
531 699 707 736 Paduam
736 699 953 735 morientur
981 698 1029 735 ad
1059 699 1184 748 ipsam

141 765 194 801 Et
221 764 331 800 laxas
360 764 546 801 scombris
574 777 687 813 saepe
716 764 868 800 dabunt
896 763 1059 801 tunicas.

89 830 216 865 Parva
244 828 321 865 mei
349 828 447 864 mihi
477 828 557 865 sint
585 828 691 865 cordi
719 832 972 865 monumenta
997 857 1004 865 .
1036 856 1044 865 .
1079 857 1086 865 .
1118 858 1125 865 .

141 895 200 930 At
228 893 394 943 populus
423 893 574 930 tumido
602 892 769 942 gaudeat
798 892 1049 930 Antimacho.
1237 889 1286 930 10

620 1032 760 1067 XCVI.

90 1115 131 1152 Si
159 1114 368 1164 quicquam
398 1113 518 1150 mutis
545 1117 701 1162 gratum
730 1117 982 1162 acceptumve
1010 1112 1197 1162 sepulcris

142 1178 331 1216 Accidere
359 1191 382 1214 a
410 1182 554 1223 nostro,
587 1177 716 1223 Calve,
749 1178 879 1214 dolore
908 1181 1047 1225 potest,

89 1243 189 1283 Cum
217 1244 407 1281 desiderio
437 1248 587 1281 veteres
615 1257 848 1281 renovamus
877 1257 1026 1281 amores

143 1310 275 1360 Atque
304 1310 397 1346 olim
427 1309 563 1345 missas
591 1308 728 1344 fiemus
756 1306 958 1352 amicitias,

92 1377 205 1413 Certe
232 1388 312 1412 non
341 1377 452 1410 tanto
481 1385 583 1409 mors
611 1372 823 1408 immatura
852 1370 976 1408 dolori
1005 1374 1064 1407 est
1263 1369 1287 1407 5

146 1439 373 1486 Quintiliae,
404 1441 596 1487 quantum
625 1437 768 1486 gaudet
797 1448 926 1472 amore
955 1439 1034 1472 tuo.

616 1575 762 1610 XCIX.

93 1659 272 1709 Surripui
300 1659 385 1704 tibi,
416 1658 509 1695 dum
539 1657 652 1702 ludis,
683 1655 831 1692 mellite
859 1654 1039 1700 Juventi,

145 1722 345 1760 Saviolum
375 1720 480 1758 dulci
508 1720 659 1757 dulcius
688 1719 889 1756 ambrosia.

93 1789 244 1827 Verum
268 1787 309 1824 id
334 1799 414 1823 non
438 1786 598 1834 impune
627 1784 726 1830 tuli;
755 1796 924 1832 namque
957 1782 1124 1832 amplius
1155 1782 1287 1819 horam

146 1853 339 1890 Suffixum
369 1851 411 1887 in
441 1862 594 1886 summa
622 1861 684 1885 me
713 1848 875 1884 memini
904 1860 986 1884 esse
1013 1860 1136 1893 cruce,

92 1918 199 1956 Dum
227 1917 302 1954 tibi
329 1928 391 1952 me
419 1927 541 1964 purgo
569 1926 639 1950 nec
667 1925 823 1962 possum
852 1911 1008 1949 fletibus
1036 1911 1127 1948 ullis
1265 1910 1286 1948 5

144 1981 360 2019 Tantillum
390 1983 542 2015 vestrae
570 1978 724 2014 demere
752 1976 946 2013 saevitiae.

95 2047 198 2085 Nam
226 2045 343 2083 simul
371 2044 412 2080 id
441 2044 587 2080 factum
616 2047 684 2087 est,
716 2041 851 2077 multis
880 2041 1006 2077 diluta
1034 2039 1173 2077 labella

146 2111 282 2147 Guttis
310 2107 527 2147 abstersisti
556 2107 736 2143 omnibus
764 2105 952 2146 articulis,
