<?xml version="1.0" encoding="UTF-8"?>
<!DOCTYPE html PUBLIC "-//W3C//DTD XHTML 1.0 Transitional//EN"
    "http://www.w3.org/TR/xhtml1/DTD/xhtml1-transitional.dtd">
<html xmlns="http://www.w3.org/1999/xhtml" xml:lang="en" lang="en">
 <head>
  <title>
</title>
<meta http-equiv="Content-Type" content="text/html;charset=utf-8" />
  <meta name='ocr-system' content='tesseract 3.04.00' />
  <meta name='ocr-capabilities' content='ocr_page ocr_carea ocr_par ocr_line ocrx_word'/>
</head>
<body>
  <div class='ocr_page' id='page_1' title='image "./selectpoemsofcat00catu_0063.png"; bbox 0 0 1383 2365; ppageno 0'>
   <div class='ocr_carea' id='block_1_1' title="bbox 496 92 1241 131">
    <p class='ocr_par' dir='ltr' id='par_1_1' title="bbox 496 92 1241 131">
     <span class='ocr_line' id='line_1_1' title="bbox 496 92 1241 131; baseline -0.001 0"><span class='ocrx_word' id='word_1_1' title='bbox 496 92 803 131; x_wconf 83' lang='lat' dir='ltr'>CATULLUS.</span> <span class='ocrx_word' id='word_1_2' title='bbox 1200 94 1216 131; x_wconf 95' lang='lat'>1</span> <span class='ocrx_word' id='word_1_3' title='bbox 1227 95 1241 130; x_wconf 91' lang='lat'>1</span> 
     </span>
    </p>
   </div>
   <div class='ocr_carea' id='block_1_2' title="bbox 52 210 1246 520">
    <p class='ocr_par' dir='ltr' id='par_1_2' title="bbox 53 210 1244 391">
     <span class='ocr_line' id='line_1_2' title="bbox 55 210 1051 262; baseline 0.001 -13"><span class='ocrx_word' id='word_1_4' title='bbox 55 210 151 249; x_wconf 80' lang='lat' dir='ltr'>Tam</span> <span class='ocrx_word' id='word_1_5' title='bbox 183 213 329 261; x_wconf 85' lang='lat' dir='ltr'>gaudet</span> <span class='ocrx_word' id='word_1_6' title='bbox 356 213 398 250; x_wconf 89' lang='lat' dir='ltr'>in</span> <span class='ocrx_word' id='word_1_7' title='bbox 431 226 471 250; x_wconf 86' lang='lat' dir='ltr'>se</span> <span class='ocrx_word' id='word_1_8' title='bbox 504 217 662 262; x_wconf 86' lang='lat' dir='ltr'>tamque</span> <span class='ocrx_word' id='word_1_9' title='bbox 692 226 731 250; x_wconf 81' lang='lat' dir='ltr'>se</span> <span class='ocrx_word' id='word_1_10' title='bbox 762 213 843 262; x_wconf 83' lang='lat' dir='ltr'>ipse</span> <span class='ocrx_word' id='word_1_11' title='bbox 876 214 1051 252; x_wconf 85' lang='lat' dir='ltr'>miratur.</span> 
     </span>
     <span class='ocr_line' id='line_1_3' title="bbox 53 276 1244 327; baseline 0.002 -15"><span class='ocrx_word' id='word_1_12' title='bbox 53 276 254 313; x_wconf 80' lang='lat' dir='ltr'><strong>Nimirum</strong></span> <span class='ocrx_word' id='word_1_13' title='bbox 283 277 387 314; x_wconf 88' lang='lat' dir='ltr'>idem</span> <span class='ocrx_word' id='word_1_14' title='bbox 419 291 552 315; x_wconf 88' lang='lat' dir='ltr'>omnes</span> <span class='ocrx_word' id='word_1_15' title='bbox 584 278 768 325; x_wconf 86' lang='lat' dir='ltr'>fallimur,</span> <span class='ocrx_word' id='word_1_16' title='bbox 803 291 928 327; x_wconf 88' lang='lat' dir='ltr'>neque</span> <span class='ocrx_word' id='word_1_17' title='bbox 958 282 1017 315; x_wconf 86' lang='lat' dir='ltr'>est</span> <span class='ocrx_word' id='word_1_18' title='bbox 1042 278 1244 327; x_wconf 84' lang='lat' dir='ltr'>quisquam</span> 
     </span>
     <span class='ocr_line' id='line_1_4' title="bbox 54 340 1002 391; baseline 0.001 -14"><span class='ocrx_word' id='word_1_19' title='bbox 54 340 178 385; x_wconf 82' lang='lat' dir='ltr'>Quem</span> <span class='ocrx_word' id='word_1_20' title='bbox 211 354 290 378; x_wconf 89' lang='lat' dir='ltr'>non</span> <span class='ocrx_word' id='word_1_21' title='bbox 323 341 365 378; x_wconf 88' lang='lat' dir='ltr'>in</span> <span class='ocrx_word' id='word_1_22' title='bbox 399 342 529 391; x_wconf 89' lang='lat' dir='ltr'>aliqua</span> <span class='ocrx_word' id='word_1_23' title='bbox 559 355 600 379; x_wconf 87' lang='lat' dir='ltr'>re</span> <span class='ocrx_word' id='word_1_24' title='bbox 634 342 765 379; x_wconf 84' lang='lat' dir='ltr'>videre</span> <span class='ocrx_word' id='word_1_25' title='bbox 799 342 1002 379; x_wconf 85' lang='lat' dir='ltr'>Suffenum</span> 
     </span>
    </p>

    <p class='ocr_par' dir='ltr' id='par_1_3' title="bbox 52 404 1246 520">
     <span class='ocr_line' id='line_1_5' title="bbox 53 404 1246 455; baseline 0.001 -13"><span class='ocrx_word' id='word_1_26' title='bbox 53 404 193 442; x_wconf 85' lang='lat' dir='ltr'>Possis.</span> <span class='ocrx_word' id='word_1_27' title='bbox 253 406 355 442; x_wconf 80' lang='lat' dir='ltr'>Suus</span> <span class='ocrx_word' id='word_1_28' title='bbox 383 406 522 455; x_wconf 89' lang='lat' dir='ltr'>cuique</span> <span class='ocrx_word' id='word_1_29' title='bbox 552 406 768 443; x_wconf 85' lang='lat' dir='ltr'>attributus</span> <span class='ocrx_word' id='word_1_30' title='bbox 799 411 857 443; x_wconf 87' lang='lat' dir='ltr'>est</span> <span class='ocrx_word' id='word_1_31' title='bbox 888 420 1020 444; x_wconf 86' lang='lat' dir='ltr'>error:</span> <span class='ocrx_word' id='word_1_32' title='bbox 1195 407 1246 443; x_wconf 84' lang='lat'>20</span> 
     </span>
     <span class='ocr_line' id='line_1_6' title="bbox 52 469 1134 520; baseline 0.002 -14"><span class='ocrx_word' id='word_1_33' title='bbox 52 469 127 506; x_wconf 82' lang='lat' dir='ltr'>Sed</span> <span class='ocrx_word' id='word_1_34' title='bbox 160 482 239 506; x_wconf 87' lang='lat' dir='ltr'>non</span> <span class='ocrx_word' id='word_1_35' title='bbox 271 470 449 507; x_wconf 81' lang='lat' dir='ltr'>videmus</span> <span class='ocrx_word' id='word_1_36' title='bbox 483 471 675 508; x_wconf 79' lang='lat' dir='ltr'>manticae</span> <span class='ocrx_word' id='word_1_37' title='bbox 705 471 809 520; x_wconf 90' lang='lat' dir='ltr'>quod</span> <span class='ocrx_word' id='word_1_38' title='bbox 839 471 882 507; x_wconf 91' lang='lat' dir='ltr'>in</span> <span class='ocrx_word' id='word_1_39' title='bbox 920 476 1028 520; x_wconf 89' lang='lat' dir='ltr'>tergo</span> <span class='ocrx_word' id='word_1_40' title='bbox 1066 477 1134 509; x_wconf 84' lang='lat' dir='ltr'>est.</span> 
     </span>
    </p>
   </div>
   <div class='ocr_carea' id='block_1_3' title="bbox 581 568 730 603">
    <p class='ocr_par' dir='ltr' id='par_1_4' title="bbox 581 568 730 603">
     <span class='ocr_line' id='line_1_7' title="bbox 581 568 730 603; baseline 0.007 -2"><span class='ocrx_word' id='word_1_41' title='bbox 581 568 730 603; x_wconf 89' lang='lat' dir='ltr'>XXVI.</span> 
     </span>
    </p>
   </div>
   <div class='ocr_carea' id='block_1_4' title="bbox 156 642 1242 948">
    <p class='ocr_par' dir='ltr' id='par_1_5' title="bbox 159 642 960 689">
     <span class='ocr_line' id='line_1_8' title="bbox 159 642 960 689; baseline -0.001 -9"><span class='ocrx_word' id='word_1_42' title='bbox 159 644 264 689; x_wconf 87' lang='lat' dir='ltr'>Furi,</span> <span class='ocrx_word' id='word_1_43' title='bbox 297 643 435 679; x_wconf 89' lang='lat' dir='ltr'>villula</span> <span class='ocrx_word' id='word_1_44' title='bbox 467 647 601 679; x_wconf 84' lang='lat' dir='ltr'>nostra</span> <span class='ocrx_word' id='word_1_45' title='bbox 629 656 709 679; x_wconf 91' lang='lat' dir='ltr'>non</span> <span class='ocrx_word' id='word_1_46' title='bbox 741 643 789 679; x_wconf 85' lang='lat' dir='ltr'>ad</span> <span class='ocrx_word' id='word_1_47' title='bbox 822 642 960 680; x_wconf 87' lang='lat' dir='ltr'>Austri</span> 
     </span>
    </p>

    <p class='ocr_par' dir='ltr' id='par_1_6' title="bbox 158 707 1004 757">
     <span class='ocr_line' id='line_1_9' title="bbox 158 707 1004 757; baseline -0.002 -12"><span class='ocrx_word' id='word_1_48' title='bbox 158 708 296 745; x_wconf 82' lang='lat' dir='ltr'>Flatus</span> <span class='ocrx_word' id='word_1_49' title='bbox 330 708 508 757; x_wconf 85' lang='lat' dir='ltr'>opposita</span> <span class='ocrx_word' id='word_1_50' title='bbox 536 712 596 744; x_wconf 83' lang='lat' dir='ltr'>est</span> <span class='ocrx_word' id='word_1_51' title='bbox 623 720 747 756; x_wconf 88' lang='lat' dir='ltr'>neque</span> <span class='ocrx_word' id='word_1_52' title='bbox 781 708 829 744; x_wconf 86' lang='lat' dir='ltr'>ad</span> <span class='ocrx_word' id='word_1_53' title='bbox 854 707 1004 743; x_wconf 86' lang='lat' dir='ltr'>Favoni</span> 
     </span>
    </p>

    <p class='ocr_par' dir='ltr' id='par_1_7' title="bbox 157 771 934 820">
     <span class='ocr_line' id='line_1_10' title="bbox 157 771 934 820; baseline -0.003 -10"><span class='ocrx_word' id='word_1_54' title='bbox 157 771 238 810; x_wconf 87' lang='lat' dir='ltr'>Nec</span> <span class='ocrx_word' id='word_1_55' title='bbox 272 772 378 809; x_wconf 85' lang='lat' dir='ltr'>saevi</span> <span class='ocrx_word' id='word_1_56' title='bbox 411 772 557 808; x_wconf 84' lang='lat' dir='ltr'>Boreae</span> <span class='ocrx_word' id='word_1_57' title='bbox 589 775 658 807; x_wconf 89' lang='lat' dir='ltr'>aut</span> <span class='ocrx_word' id='word_1_58' title='bbox 690 771 934 820; x_wconf 74' lang='lat' dir='ltr'>Apheliotae,</span> 
     </span>
    </p>

    <p class='ocr_par' dir='ltr' id='par_1_8' title="bbox 156 836 1080 884">
     <span class='ocr_line' id='line_1_11' title="bbox 156 836 1080 884; baseline -0.002 -11"><span class='ocrx_word' id='word_1_59' title='bbox 156 837 307 873; x_wconf 84' lang='lat' dir='ltr'>Verum</span> <span class='ocrx_word' id='word_1_60' title='bbox 341 837 389 873; x_wconf 89' lang='lat' dir='ltr'>ad</span> <span class='ocrx_word' id='word_1_61' title='bbox 420 836 530 872; x_wconf 87' lang='lat' dir='ltr'>milia</span> <span class='ocrx_word' id='word_1_62' title='bbox 563 836 781 884; x_wconf 89' lang='lat' dir='ltr'>quindecim</span> <span class='ocrx_word' id='word_1_63' title='bbox 813 840 852 871; x_wconf 89' lang='lat' dir='ltr'>et</span> <span class='ocrx_word' id='word_1_64' title='bbox 884 836 1080 872; x_wconf 80' lang='lat' dir='ltr'>ducentos.</span> 
     </span>
    </p>

    <p class='ocr_par' dir='ltr' id='par_1_9' title="bbox 156 898 1242 948">
     <span class='ocr_line' id='line_1_12' title="bbox 156 898 1242 948; baseline -0.003 -10"><span class='ocrx_word' id='word_1_65' title='bbox 156 900 190 938; x_wconf 94' lang='lat' dir='ltr'>O</span> <span class='ocrx_word' id='word_1_66' title='bbox 223 905 385 937; x_wconf 86' lang='lat' dir='ltr'>ventum</span> <span class='ocrx_word' id='word_1_67' title='bbox 419 899 640 935; x_wconf 76' lang='lat' dir='ltr'>horribilem</span> <span class='ocrx_word' id='word_1_68' title='bbox 672 903 788 947; x_wconf 85' lang='lat' dir='ltr'>atque</span> <span class='ocrx_word' id='word_1_69' title='bbox 820 898 1078 948; x_wconf 79' lang='lat' dir='ltr'>pestilentem.</span> <span class='ocrx_word' id='word_1_70' title='bbox 1218 899 1242 935; x_wconf 78' lang='lat' dir='ltr'>b</span> 
     </span>
    </p>
   </div>
   <div class='ocr_carea' id='block_1_5' title="bbox 564 995 736 1029">
    <p class='ocr_par' dir='ltr' id='par_1_10' title="bbox 564 995 736 1029">
     <span class='ocr_line' id='line_1_13' title="bbox 564 995 736 1029; baseline -0.006 0"><span class='ocrx_word' id='word_1_71' title='bbox 564 995 736 1029; x_wconf 89' lang='lat' dir='ltr'>XXVII.</span> 
     </span>
    </p>
   </div>
   <div class='ocr_carea' id='block_1_6' title="bbox 149 1065 1238 1507">
    <p class='ocr_par' dir='ltr' id='par_1_11' title="bbox 151 1065 823 1117">
     <span class='ocr_line' id='line_1_14' title="bbox 151 1065 823 1117; baseline -0.009 -10"><span class='ocrx_word' id='word_1_72' title='bbox 151 1070 336 1108; x_wconf 74' lang='lat' dir='ltr'>Minister</span> <span class='ocrx_word' id='word_1_73' title='bbox 369 1068 494 1106; x_wconf 87' lang='lat' dir='ltr'>vetuli</span> <span class='ocrx_word' id='word_1_74' title='bbox 527 1080 623 1117; x_wconf 88' lang='lat' dir='ltr'>puer</span> <span class='ocrx_word' id='word_1_75' title='bbox 655 1065 823 1114; x_wconf 84' lang='lat' dir='ltr'>Falerni,</span> 
     </span>
    </p>

    <p class='ocr_par' dir='ltr' id='par_1_12' title="bbox 150 1130 778 1184">
     <span class='ocr_line' id='line_1_15' title="bbox 150 1130 778 1184; baseline -0.006 -13"><span class='ocrx_word' id='word_1_76' title='bbox 150 1135 269 1184; x_wconf 84' lang='lat' dir='ltr'>Inger</span> <span class='ocrx_word' id='word_1_77' title='bbox 302 1134 357 1170; x_wconf 88' lang='lat' dir='ltr'>mi</span> <span class='ocrx_word' id='word_1_78' title='bbox 389 1132 526 1170; x_wconf 83' lang='lat' dir='ltr'>calices</span> <span class='ocrx_word' id='word_1_79' title='bbox 559 1130 778 1177; x_wconf 80' lang='lat' dir='ltr'>amariores,</span> 
     </span>
    </p>

    <p class='ocr_par' dir='ltr' id='par_1_13' title="bbox 153 1199 948 1248">
     <span class='ocr_line' id='line_1_16' title="bbox 153 1199 948 1248; baseline -0.001 -11"><span class='ocrx_word' id='word_1_80' title='bbox 153 1199 215 1237; x_wconf 87' lang='lat' dir='ltr'>Ut</span> <span class='ocrx_word' id='word_1_81' title='bbox 244 1199 308 1236; x_wconf 86' lang='lat' dir='ltr'>lex</span> <span class='ocrx_word' id='word_1_82' title='bbox 341 1199 565 1236; x_wconf 75' lang='lat' dir='ltr'>Postumiae</span> <span class='ocrx_word' id='word_1_83' title='bbox 595 1199 710 1248; x_wconf 87' lang='lat' dir='ltr'>jubet</span> <span class='ocrx_word' id='word_1_84' title='bbox 741 1199 948 1248; x_wconf 81' lang='lat' dir='ltr'>magistrae</span> 
     </span>
    </p>

    <p class='ocr_par' dir='ltr' id='par_1_14' title="bbox 151 1264 710 1302">
     <span class='ocr_line' id='line_1_17' title="bbox 151 1264 710 1302; baseline 0 -2"><span class='ocrx_word' id='word_1_85' title='bbox 151 1264 313 1302; x_wconf 87' lang='lat' dir='ltr'>Ebrioso</span> <span class='ocrx_word' id='word_1_86' title='bbox 341 1264 451 1301; x_wconf 89' lang='lat' dir='ltr'>acino</span> <span class='ocrx_word' id='word_1_87' title='bbox 479 1264 710 1301; x_wconf 83' lang='lat' dir='ltr'>ebriosioris.</span> 
     </span>
    </p>

    <p class='ocr_par' dir='ltr' id='par_1_15' title="bbox 149 1327 1238 1443">
     <span class='ocr_line' id='line_1_18' title="bbox 149 1327 1238 1378; baseline -0.001 -13"><span class='ocrx_word' id='word_1_88' title='bbox 149 1329 208 1365; x_wconf 90' lang='lat' dir='ltr'>At</span> <span class='ocrx_word' id='word_1_89' title='bbox 241 1342 321 1375; x_wconf 83' lang='lat' dir='ltr'>vos,</span> <span class='ocrx_word' id='word_1_90' title='bbox 356 1330 459 1378; x_wconf 89' lang='lat' dir='ltr'>quod</span> <span class='ocrx_word' id='word_1_91' title='bbox 485 1329 611 1378; x_wconf 87' lang='lat' dir='ltr'>jubet,</span> <span class='ocrx_word' id='word_1_92' title='bbox 642 1329 732 1365; x_wconf 84' lang='lat' dir='ltr'>hinc</span> <span class='ocrx_word' id='word_1_93' title='bbox 760 1328 875 1373; x_wconf 84' lang='lat' dir='ltr'>abite,</span> <span class='ocrx_word' id='word_1_94' title='bbox 907 1327 1103 1377; x_wconf 84' lang='lat' dir='ltr'>lymphae,</span> <span class='ocrx_word' id='word_1_95' title='bbox 1213 1327 1238 1364; x_wconf 75' lang='lat'><strong>5</strong></span> 
     </span>
     <span class='ocr_line' id='line_1_19' title="bbox 150 1393 826 1443; baseline 0 -14"><span class='ocrx_word' id='word_1_96' title='bbox 150 1393 251 1430; x_wconf 81' lang='lat' dir='ltr'>Vini</span> <span class='ocrx_word' id='word_1_97' title='bbox 284 1393 483 1443; x_wconf 83' lang='lat' dir='ltr'>pernicies,</span> <span class='ocrx_word' id='word_1_98' title='bbox 518 1398 559 1430; x_wconf 90' lang='lat' dir='ltr'>et</span> <span class='ocrx_word' id='word_1_99' title='bbox 591 1394 639 1430; x_wconf 86' lang='lat' dir='ltr'>ad</span> <span class='ocrx_word' id='word_1_100' title='bbox 673 1406 826 1430; x_wconf 86' lang='lat' dir='ltr'>severos</span> 
     </span>
    </p>

    <p class='ocr_par' dir='ltr' id='par_1_16' title="bbox 153 1457 1004 1507">
     <span class='ocr_line' id='line_1_20' title="bbox 153 1457 1004 1507; baseline 0.002 -14"><span class='ocrx_word' id='word_1_101' title='bbox 153 1458 333 1507; x_wconf 82' lang='lat' dir='ltr'>Migrate.</span> <span class='ocrx_word' id='word_1_102' title='bbox 394 1458 473 1494; x_wconf 82' lang='lat' dir='ltr'>Hic</span> <span class='ocrx_word' id='word_1_103' title='bbox 494 1471 623 1494; x_wconf 87' lang='lat' dir='ltr'>merus</span> <span class='ocrx_word' id='word_1_104' title='bbox 654 1462 712 1494; x_wconf 85' lang='lat' dir='ltr'>est</span> <span class='ocrx_word' id='word_1_105' title='bbox 742 1457 1004 1506; x_wconf 84' lang='lat' dir='ltr'>Thyonianus.</span> 
     </span>
    </p>
   </div>
   <div class='ocr_carea' id='block_1_7' title="bbox 572 1577 704 1612">
    <p class='ocr_par' dir='ltr' id='par_1_17' title="bbox 572 1577 704 1612">
     <span class='ocr_line' id='line_1_21' title="bbox 572 1577 704 1612; baseline 0.008 -1"><span class='ocrx_word' id='word_1_106' title='bbox 572 1577 704 1612; x_wconf 92' lang='lat' dir='ltr'>XXX.</span> 
     </span>
    </p>
   </div>
   <div class='ocr_carea' id='block_1_8' title="bbox 2 1655 1239 2144">
    <p class='ocr_par' dir='ltr' id='par_1_18' title="bbox 2 1655 1197 1706">
     <span class='ocr_line' id='line_1_22' title="bbox 2 1655 1197 1706; baseline -0.001 -14"><span class='ocrx_word' id='word_1_107' title='bbox 2 1656 6 1660; x_wconf 85' lang='grc'><strong>’</strong></span> <span class='ocrx_word' id='word_1_108' title='bbox 48 1657 190 1693; x_wconf 86' lang='lat' dir='ltr'>Alfene</span> <span class='ocrx_word' id='word_1_109' title='bbox 235 1656 438 1694; x_wconf 86' lang='lat' dir='ltr'>immemor</span> <span class='ocrx_word' id='word_1_110' title='bbox 475 1661 592 1706; x_wconf 85' lang='lat' dir='ltr'>atque</span> <span class='ocrx_word' id='word_1_111' title='bbox 624 1655 821 1693; x_wconf 86' lang='lat' dir='ltr'>unanimis</span> <span class='ocrx_word' id='word_1_112' title='bbox 857 1655 953 1692; x_wconf 85' lang='lat' dir='ltr'>false</span> <span class='ocrx_word' id='word_1_113' title='bbox 989 1655 1197 1701; x_wconf 82' lang='lat' dir='ltr'>sodalibus,</span> 
     </span>
    </p>

    <p class='ocr_par' dir='ltr' id='par_1_19' title="bbox 49 1720 1120 1767">
     <span class='ocr_line' id='line_1_23' title="bbox 49 1720 1120 1767; baseline -0.002 -10"><span class='ocrx_word' id='word_1_114' title='bbox 49 1720 140 1759; x_wconf 88' lang='lat' dir='ltr'>Jam</span> <span class='ocrx_word' id='word_1_115' title='bbox 172 1725 211 1758; x_wconf 90' lang='lat' dir='ltr'>te</span> <span class='ocrx_word' id='word_1_116' title='bbox 244 1721 300 1757; x_wconf 80' lang='lat' dir='ltr'>nil</span> <span class='ocrx_word' id='word_1_117' title='bbox 333 1721 501 1767; x_wconf 83' lang='lat' dir='ltr'>miseret,</span> <span class='ocrx_word' id='word_1_118' title='bbox 541 1721 647 1767; x_wconf 87' lang='lat' dir='ltr'>dure,</span> <span class='ocrx_word' id='word_1_119' title='bbox 685 1721 746 1757; x_wconf 83' lang='lat' dir='ltr'>tui</span> <span class='ocrx_word' id='word_1_120' title='bbox 776 1720 900 1757; x_wconf 84' lang='lat' dir='ltr'>dulcis</span> <span class='ocrx_word' id='word_1_121' title='bbox 938 1720 1120 1756; x_wconf 73' lang='lat' dir='ltr'>amiculi‘l</span> 
     </span>
    </p>

    <p class='ocr_par' dir='ltr' id='par_1_20' title="bbox 48 1784 1196 1835">
     <span class='ocr_line' id='line_1_24' title="bbox 48 1784 1196 1835; baseline -0.001 -14"><span class='ocrx_word' id='word_1_122' title='bbox 48 1785 73 1821; x_wconf 89' lang='lat' dir='ltr'><strong>J</strong></span> <span class='ocrx_word' id='word_1_123' title='bbox 77 1798 139 1821; x_wconf 88' lang='lat' dir='ltr'>am</span> <span class='ocrx_word' id='word_1_124' title='bbox 164 1798 225 1821; x_wconf 89' lang='lat' dir='ltr'>me</span> <span class='ocrx_word' id='word_1_125' title='bbox 254 1785 424 1834; x_wconf 79' lang='lat' dir='ltr'>prodere,</span> <span class='ocrx_word' id='word_1_126' title='bbox 450 1787 533 1835; x_wconf 88' lang='lat' dir='ltr'>jam</span> <span class='ocrx_word' id='word_1_127' title='bbox 561 1798 640 1822; x_wconf 90' lang='lat' dir='ltr'>non</span> <span class='ocrx_word' id='word_1_128' title='bbox 669 1785 825 1821; x_wconf 81' lang='lat' dir='ltr'>dubitas</span> <span class='ocrx_word' id='word_1_129' title='bbox 853 1784 996 1829; x_wconf 86' lang='lat' dir='ltr'>fallere,</span> <span class='ocrx_word' id='word_1_130' title='bbox 1027 1784 1196 1833; x_wconf 66' lang='lat' dir='ltr'>perfide?</span> 
     </span>
    </p>

    <p class='ocr_par' dir='ltr' id='par_1_21' title="bbox 48 1849 1239 1952">
     <span class='ocr_line' id='line_1_25' title="bbox 48 1849 1239 1900; baseline -0.001 -14"><span class='ocrx_word' id='word_1_131' title='bbox 48 1849 131 1886; x_wconf 80' lang='lat' dir='ltr'>Nec</span> <span class='ocrx_word' id='word_1_132' title='bbox 162 1849 264 1886; x_wconf 87' lang='lat' dir='ltr'>facta</span> <span class='ocrx_word' id='word_1_133' title='bbox 302 1850 423 1900; x_wconf 86' lang='lat' dir='ltr'>impia</span> <span class='ocrx_word' id='word_1_134' title='bbox 469 1850 650 1887; x_wconf 84' lang='lat' dir='ltr'>fallacum</span> <span class='ocrx_word' id='word_1_135' title='bbox 693 1850 896 1887; x_wconf 88' lang='lat' dir='ltr'>hominum</span> <span class='ocrx_word' id='word_1_136' title='bbox 934 1849 1125 1886; x_wconf 85' lang='lat' dir='ltr'>caelicolis</span> <span class='ocrx_word' id='word_1_137' title='bbox 1162 1849 1239 1898; x_wconf 88' lang='lat' dir='ltr'>pla-</span> 
     </span>
     <span class='ocr_line' id='line_1_26' title="bbox 153 1918 250 1952; baseline 0.01 -1"><span class='ocrx_word' id='word_1_138' title='bbox 153 1918 250 1952; x_wconf 89' lang='lat' dir='ltr'>cent.</span> 
     </span>
    </p>

    <p class='ocr_par' dir='ltr' id='par_1_22' title="bbox 49 1977 1238 2029">
     <span class='ocr_line' id='line_1_27' title="bbox 49 1977 1238 2029; baseline -0.001 -14"><span class='ocrx_word' id='word_1_139' title='bbox 49 1977 155 2025; x_wconf 79' lang='lat' dir='ltr'>Quae</span> <span class='ocrx_word' id='word_1_140' title='bbox 183 1983 227 2015; x_wconf 92' lang='lat' dir='ltr'>tu</span> <span class='ocrx_word' id='word_1_141' title='bbox 253 1978 425 2029; x_wconf 83' lang='lat' dir='ltr'>neglegis</span> <span class='ocrx_word' id='word_1_142' title='bbox 447 1992 490 2016; x_wconf 87' lang='lat' dir='ltr'>ac</span> <span class='ocrx_word' id='word_1_143' title='bbox 518 1993 579 2016; x_wconf 90' lang='lat' dir='ltr'>me</span> <span class='ocrx_word' id='word_1_144' title='bbox 607 1978 792 2016; x_wconf 83' lang='lat' dir='ltr'>miserum</span> <span class='ocrx_word' id='word_1_145' title='bbox 812 1978 956 2016; x_wconf 85' lang='lat' dir='ltr'>deseris</span> <span class='ocrx_word' id='word_1_146' title='bbox 988 1978 1031 2014; x_wconf 89' lang='lat' dir='ltr'>in</span> <span class='ocrx_word' id='word_1_147' title='bbox 1060 1978 1182 2015; x_wconf 84' lang='lat' dir='ltr'>malis.</span> <span class='ocrx_word' id='word_1_148' title='bbox 1215 1978 1238 2015; x_wconf 82' lang='lat'>5</span> 
     </span>
    </p>

    <p class='ocr_par' dir='ltr' id='par_1_23' title="bbox 49 2042 1235 2144">
     <span class='ocr_line' id='line_1_28' title="bbox 49 2042 1235 2092; baseline 0.001 -13"><span class='ocrx_word' id='word_1_149' title='bbox 49 2042 158 2080; x_wconf 88' lang='lat' dir='ltr'>Eheu</span> <span class='ocrx_word' id='word_1_150' title='bbox 191 2044 286 2092; x_wconf 88' lang='lat' dir='ltr'>quid</span> <span class='ocrx_word' id='word_1_151' title='bbox 319 2043 474 2089; x_wconf 78' lang='lat' dir='ltr'>faciant,</span> <span class='ocrx_word' id='word_1_152' title='bbox 506 2043 578 2089; x_wconf 87' lang='lat' dir='ltr'>dic,</span> <span class='ocrx_word' id='word_1_153' title='bbox 604 2044 796 2089; x_wconf 62' lang='lat' dir='ltr'>homines»,</span> <span class='ocrx_word' id='word_1_154' title='bbox 836 2043 948 2080; x_wconf 82' lang='lat' dir='ltr'>cuive</span> <span class='ocrx_word' id='word_1_155' title='bbox 991 2043 1160 2079; x_wconf 86' lang='lat' dir='ltr'>habeant</span> <span class='ocrx_word' id='word_1_156' title='bbox 1199 2043 1235 2080; x_wconf 86' lang='lat' dir='ltr'>fi-</span> 
     </span>
     <span class='ocr_line' id='line_1_29' title="bbox 154 2108 270 2144; baseline 0 0"><span class='ocrx_word' id='word_1_157' title='bbox 154 2108 239 2144; x_wconf 86' lang='lat' dir='ltr'>dem</span> <span class='ocrx_word' id='word_1_158' title='bbox 257 2109 270 2144; x_wconf 64' lang='grc' dir='ltr'>ἵ</span> 
     </span>
    </p>
   </div>
  </div>
 </body>
</html>
