1383 2365
93 97 142 133 56
546 103 850 141 CATULLUS.

154 220 297 257 Aestus
330 221 372 258 in
404 223 616 271 abruptum
650 222 847 260 detulerat
878 222 1117 269 barathrum,

100 282 222 327 Quale
252 283 385 319 ferunt
415 283 511 319 Grai
541 284 745 322 Pheneum
773 299 892 336 prope
923 287 1149 336 Cylleneum

152 349 303 387 Siccare
334 351 482 388 emulsa
515 351 658 400 pingue
690 351 832 400 palude
862 352 998 397 solum,
1110 351 1160 389 70
1183 352 1291 403 (110)

101 415 213 459 Quod
248 415 445 464 quondam
477 415 597 452 ceasis
638 416 783 452 montis
816 416 958 453 fodisse
990 416 1169 453 medullis

153 479 284 516 Audit
318 480 549 529 falsiparens
581 480 971 529 Amphitryoniades,

99 544 286 593 Tempore
320 557 396 593 quo
429 549 535 581 certa
568 544 814 594 Stymphalia
844 549 1018 582 monstra
1047 545 1189 595 sagitta

154 608 330 646 Perculit
363 609 526 658 imperio
557 609 760 646 deterioris
793 610 860 655 eri,

101 673 284 710 Pluribus
317 677 362 710 ut
395 673 491 710 caeli
523 677 716 711 tereretur
744 673 868 723 janua
900 674 1013 721 divis,
1109 674 1159 714 75
1180 674 1290 727 (115)

153 739 267 776 Hebe
300 751 370 775 nec
402 738 518 788 longa
551 738 782 787 virginitate
815 738 924 775 foret.

99 803 174 840 Sed
207 807 299 840 tuus
331 803 434 839 altus
467 816 575 839 amor
607 802 792 840 barathro
824 803 904 839 fuit
936 803 1052 840 altior
1082 803 1150 841 illo

152 867 230 913 Qui
261 872 375 904 tuum
409 867 601 904 domitum
634 867 734 905 ferre
761 868 902 917 jugum
935 868 1075 905 docuit.

101 933 203 969 Nam
237 945 362 981 neque
395 935 476 968 tam
511 944 643 969 carum
678 932 853 970 confecto
886 938 1013 970 aetate
1046 933 1198 982 parenti

152 996 247 1035 Una
278 1000 397 1047 caput
428 997 504 1034 seri
536 1001 630 1033 nata
661 997 815 1046 nepotis
848 997 929 1042 alit,
1109 998 1159 1035 80
1180 998 1289 1048 (120)

101 1062 188 1110 Qui,
223 1075 312 1099 cum
345 1062 496 1099 divitiis
528 1061 597 1099 vix
631 1062 790 1099 tandem
823 1062 1010 1100 inventus
1039 1063 1158 1100 avitis

152 1127 309 1164 Nomen
344 1131 507 1163 testatas
541 1126 681 1164 intulit
714 1126 756 1163 in
787 1127 951 1175 tabulas,

101 1192 228 1241 Impia
260 1191 379 1228 derisi
410 1191 570 1241 gentilis
602 1191 743 1240 gaudia
777 1191 928 1238 tollens,

151 1257 323 1294 Suscitat
354 1269 378 1293 a
409 1269 505 1293 cano
538 1256 753 1292 volturium
784 1256 926 1304 capiti:

100 1322 182 1358 Nec
209 1325 367 1359 tantum
396 1320 512 1358 niveo
539 1321 674 1369 gavisa
702 1324 761 1357 est
790 1320 869 1357 ulla
896 1321 1073 1358 columbo
1107 1322 1155 1358 85
1178 1322 1287 1374 (125)

153 1386 330 1435 Compar,
365 1398 464 1435 quae
497 1384 621 1422 multo
653 1385 798 1422 dicitur
829 1385 1046 1435 improbius

99 1451 241 1489 Oscula
272 1450 467 1487 mordenti
501 1462 650 1498 semper
683 1449 884 1499 decerpere
912 1455 1048 1497 rostro,

153 1516 281 1562 Quam
314 1527 412 1564 quae
445 1515 650 1564 praecipue
684 1514 892 1551 multivola
929 1520 988 1552 est
1021 1515 1182 1554 mulier:

99 1582 173 1619 Sed
209 1585 251 1618 tu
286 1581 423 1617 horum
458 1592 619 1629 magnos
652 1579 782 1616 vicisti
815 1579 897 1616 sola
928 1580 1077 1617 furores

151 1645 214 1684 Ut
250 1645 367 1682 semel
402 1657 441 1681 es
473 1645 576 1681 flavo
608 1644 812 1680 conciliata
846 1644 939 1681 viro.
1107 1645 1155 1682 90
1178 1645 1288 1696 (130)

100 1712 185 1748 Aut
218 1710 317 1747 nihil
352 1714 421 1746 aut
453 1709 569 1758 paulo
602 1709 665 1745 cui
698 1714 783 1744 tum
818 1709 1024 1746 concedere
1057 1710 1172 1758 digna

152 1776 241 1812 Lux
260 1788 346 1812 mea
367 1787 406 1811 se
440 1778 616 1810 nostrum
652 1773 819 1810 contulit
852 1773 893 1809 in
925 1773 1128 1822 gremium,

99 1841 225 1885 Quam
258 1840 565 1876 circumcursans
598 1838 688 1874 hinc
721 1838 830 1874 illinc
860 1851 971 1887 saepe
1007 1838 1157 1887 Cupido

150 1905 342 1954 Fulgcbat
375 1903 528 1941 crocina
560 1903 748 1939 candidus
781 1903 823 1939 in
861 1903 1001 1940 tunica.

99 1970 205 2016 Quae
226 1974 357 2006 tamen
377 1968 450 2005 etsi
469 1981 547 2004 uno
567 1981 646 2004 non
660 1972 719 2004 est
733 1972 916 2004 contenta
932 1967 1097 2015 Catullo,
1114 1968 1162 2004 95
1179 1968 1288 2017 (135)

150 2035 257 2071 Rara
289 2033 530 2070 verecundae
562 2032 668 2069 furta
701 2032 868 2069 feremus
901 2045 997 2077 erae,

101 2098 161 2136 Ne
193 2098 360 2135 nimium
395 2097 516 2134 simus
549 2097 760 2134 stultorum
795 2109 900 2132 more
930 2096 1094 2133 molesti.
