1383 2365
581 145 845 184 OATULLU
851 145 887 182 S.

239 266 393 314 Matris,
427 281 449 305 0
481 267 709 315 Hymenaee
740 267 914 316 Hymen,

614 332 648 368 O
678 332 840 380 Hymen
869 332 1109 378 Hymenaee.
1282 328 1332 366 60

242 397 309 434 Nil
333 401 465 447 potest
493 397 575 433 sine
601 402 638 433 te
667 396 817 442 Venus,

240 463 358 498 Fama
381 462 484 511 quod
508 462 611 498 bona
640 462 874 510 comprobet,

239 527 441 564 Commodi
467 538 612 575 capere,
640 529 683 562 at
708 529 838 575 potest

237 591 290 628 Te
313 591 481 629 volente.
562 589 659 638 Quis
685 589 777 627 huic
805 591 876 627 deo

615 654 891 705 Compararier
915 655 1044 692 ausit?
1284 655 1331 693 65

240 722 363 759 Nulla
391 721 478 771 quit
509 720 593 757 sine
621 725 660 757 te
688 719 827 756 domus

240 787 400 824 Liberos
425 787 528 832 dare,
557 798 626 822 nec
655 797 795 834 parens

239 851 368 901 Stirpe
395 850 554 897 vincier,
581 853 623 886 at
652 853 782 898 potest

241 916 294 953 Te
322 915 488 953 volente.
567 912 664 962 Quis
688 913 779 950 huic
806 913 878 950 deo

614 977 886 1027 Compararier
913 978 1045 1016 ausit?
1284 977 1334 1016 ⁷0

239 1046 347 1091 Quae
375 1045 455 1082 tuis
479 1048 610 1082 careat
636 1043 755 1081 saeris

239 1110 332 1147 Non
361 1112 483 1158 queat
509 1108 602 1145 dare
627 1108 822 1157 praesides

237 1175 358 1211 Terra
387 1173 545 1220 finibus,
575 1176 617 1209 at
645 1177 764 1222 queat

238 1239 293 1276 Te
322 1238 492 1276 volente.
571 1237 669 1282 Quis
698 1237 789 1274 huic
816 1237 888 1274 deo

613 1307 883 1356 Compararier
909 1305 1038 1343 ausiti
1285 1303 1333 1344 75

239 1373 422 1410 Claustra
451 1372 612 1421 pandite
635 1372 789 1420 januae.

237 1438 363 1487 Virgo
392 1438 511 1474 adest.
573 1436 707 1472 Viden
732 1440 778 1472 ut
803 1435 905 1472 faces

241 1502 479 1553 Splendidas
506 1501 694 1551 quatiunt
722 1512 851 1537 comas

1169 1627 1220 1665 80
1248 1626 1331 1678 (78)

237 1697 380 1734 Tardet
408 1696 603 1746 ingenuus
634 1694 761 1743 pudor

239 1891 363 1937 Quem
392 1895 525 1927 tamen
551 1889 675 1938 magis
701 1888 864 1924 audiens

558 1953 647 1990 Flet
673 1952 775 2001 quod
801 1951 857 1988 ire
886 1963 1037 1987 necesse
1065 1953 1134 1988 est.
1167 1949 1216 1986 85
1244 1949 1328 2000 (81)

242 2020 350 2057 Flere
376 2018 533 2056 desine:
571 2030 649 2054 non
673 2017 757 2062 tibi,
789 2016 873 2052 Au-

237 2084 450 2130 runculeia,
479 2082 697 2132 perieulum
729 2086 786 2117 est

237 2149 300 2186 Ne
329 2161 406 2198 qua
434 2147 580 2184 femina
607 2145 801 2195 pulchrior
