1383 2365
472 117 775 155 OATULLUS.
1173 106 1219 143 27

138 240 216 285 Qui
244 240 365 277 vestri
389 252 592 276 numerare
624 238 713 275 vult

404 304 536 341 Multa
566 305 676 341 milia
708 304 801 341 ludi.
1002 299 1080 338 210
1111 301 1220 351 (203)

138 368 282 405 Ludite
312 373 359 405 ut
388 368 485 405 libet
517 372 558 405 et
589 369 697 406 brevi

138 432 297 469 Liberos
331 433 430 470 date.
506 433 600 469 Non
633 433 743 470 decet

137 495 232 531 Tam
261 500 374 533 vetus
400 496 483 533 sine
507 496 639 533 liberis

138 560 294 597 Nomen
319 573 412 606 esse,
445 561 513 598 sed
537 560 711 597 indidem

404 621 564 672 Semper
595 621 823 672 ingenerari.
1002 620 1078 657 215
1110 620 1220 670 (208)

136 686 356 736 Torquatus
376 686 465 723 volo
492 686 693 736 parvulus,

138 751 281 788 Matris
306 765 327 788 e
356 751 502 800 gremio
535 764 628 788 suae

138 815 345 864 Porrigens
373 819 525 852 teneras
553 828 703 862 manus,

138 879 263 917 Dulce
294 879 421 916 rideat
453 880 502 916 ad
529 884 679 929 patrem

404 944 643 982 Semihiante
673 943 824 980 labello.
1002 940 1078 980 220
1110 943 1220 990 (213)

139 1009 200 1045 Sit
224 1022 293 1046 suo
319 1008 459 1045 similis
486 1008 589 1058 patri

139 1073 290 1110 Manlio
319 1078 359 1110 et
387 1073 500 1110 facile
529 1072 663 1110 insciis

137 1137 364 1175 Noscitetur
395 1138 444 1174 ab
476 1137 656 1175 omnibus

138 1202 192 1239 Et
223 1202 452 1252 pudicitiam
485 1215 577 1239 suae

404 1267 548 1304 Matris
576 1266 722 1304 indicet
745 1279 820 1304 ore.
1005 1265 1080 1304 225
1111 1267 1221 1318 (218)

140 1331 245 1369 Talis
276 1331 382 1368 illius
409 1345 433 1368 a
460 1332 561 1368 bona

138 1395 269 1432 Matre
296 1396 380 1432 laus
412 1408 534 1444 genus
561 1395 760 1445 approbet,

140 1459 275 1503 Qualis
301 1459 415 1496 unica
440 1460 487 1495 ab
516 1459 663 1508 optima

138 1524 269 1561 Matre
290 1523 516 1560 Telemacho
542 1527 673 1560 manet

405 1585 526 1621 Fama
558 1585 784 1634 Penelopeo.
1005 1585 1080 1623 230
1111 1585 1219 1635 (223)

141 1650 320 1687 Claudite
346 1650 456 1696 ostia,
479 1649 650 1699 virgines
669 1664 675 1687 :

139 1714 322 1751 Lusimus
350 1714 453 1752 satis.
529 1714 599 1759 At,
633 1713 725 1751 boni

140 1779 344 1828 Conjuges,
373 1779 470 1815 bene
499 1778 623 1815 vivite
651 1782 691 1815 et

139 1843 306 1881 Munere
332 1843 484 1880 assidue
512 1843 708 1879 valentem

405 1905 594 1944 Exercete
621 1907 826 1956 juventam
1005 1905 1078 1945 235
1111 1909 1216 1958 (228)

566 1993 691 2027 LXII.

538 2048 573 2084 J
571 2062 716 2086 avenes.

40 2114 184 2163 Vesper
217 2113 327 2150 adest
351 2113 528 2163 juvenes,
560 2112 802 2162 consurgite:
832 2113 984 2163 Vesper
1016 2113 1185 2163 Olympo
