1383 2365
498 122 802 160 OATULLUS.
1202 122 1223 158 3
1230 122 1250 158 9

60 245 136 284 Sed
164 244 331 283 conubia
358 244 470 289 laeta,
502 243 568 280 sed
597 246 751 291 optatos
780 242 1024 291 hymenaeos,

61 310 169 358 Quae
198 313 338 346 cuncta
366 308 468 345 aerei
497 307 723 356 discerpunt
750 307 862 343 irrita
890 306 1009 343 venti.

60 374 161 412 Tum
184 375 269 424 jam
297 373 405 409 nulla
434 373 520 409 viro
543 371 696 421 juranti
725 371 870 408 femina
898 371 1039 415 credat,

61 439 184 475 Nulla
214 438 289 474 viri
317 442 445 486 speret
474 449 667 473 sermones
696 448 777 472 esse
805 435 960 482 fideles;
1181 435 1253 470 145

61 504 179 549 Queis
209 503 299 539 dum
331 501 479 551 aliquid
508 501 669 551 cupiens
699 500 853 536 animus
882 499 1095 548 praegestit
1123 498 1253 547 apisci,

59 567 131 605 Nil
160 571 343 603 metuunt
365 567 509 615 jurare,
541 565 640 601 nihil
669 564 897 614 promittere
926 568 1101 613 parcunt,

61 632 148 678 Sed,
178 631 294 669 simul
324 644 367 668 ac
395 631 557 680 cupidae
586 629 728 666 mentis
757 629 898 665 satiata
927 628 1048 664 libido
1078 631 1146 673 est,

61 696 178 734 Dicta
206 695 306 732 nihil
334 699 517 740 metuere,
548 694 648 730 nihil
678 694 850 743 perjuria
878 697 1027 730 curant.

63 761 176 799 Certe
204 773 273 810 ego
301 764 340 797 te
367 759 410 796 in
438 759 564 796 medio
593 763 815 795 versantem
844 757 1002 794 turbine
1031 757 1101 793 leti
1183 757 1256 793 150

63 825 203 874 Eripui
230 829 270 861 et
297 824 427 874 potius
455 836 683 873 germanum
713 822 893 859 amittere
924 821 1039 867 crevi,

63 891 190 935 Quam
218 889 293 926 tibi
320 888 450 925 fallaci
478 900 657 937 supremo
685 887 726 923 in
755 892 928 935 tempore
957 886 1137 923 deessem.

65 955 141 992 Pro
169 967 246 1004 quo
274 954 519 990 dilaceranda
546 952 639 989 feris
668 953 788 989 dabor
816 952 1054 1000 alitibusque

65 1020 224 1065 Praeda,
255 1031 380 1068 neque
409 1018 552 1067 injecta
580 1017 805 1054 tumulabor
833 1021 988 1052 mortua
1016 1020 1129 1053 terra.

66 1086 265 1130 Quaenam
292 1087 332 1120 te
359 1083 496 1132 genuit
515 1082 596 1119 sola
624 1082 695 1118 sub
723 1094 819 1130 rupe
847 1081 990 1126 leaena,
1184 1081 1256 1117 155

66 1149 178 1194 Quod
207 1160 312 1184 mare
340 1151 568 1196 conceptum
597 1145 870 1195 spumantibus
894 1146 1052 1194 exspuit
1079 1144 1206 1190 undis,

67 1215 174 1259 Quae
194 1213 333 1261 Syrtis,
356 1224 454 1261 quae
475 1211 605 1260 Scylla
624 1224 757 1260 rapax,
779 1222 878 1259 quae
898 1213 1009 1246 vasta
1030 1208 1257 1257 Charybdis,

67 1278 176 1316 Talia
204 1277 272 1326 qui
301 1276 429 1313 reddis
458 1288 527 1325 pro
556 1275 661 1312 dulci
689 1274 862 1324 praemia
890 1274 1002 1310 vita?

68 1343 110 1380 Si
137 1343 211 1379 tibi
238 1355 318 1379 non
346 1341 452 1378 cordi
480 1340 637 1376 fuerant
664 1338 828 1376 conubia
856 1342 1000 1383 nostra,

68 1408 192 1445 Saeva
219 1406 323 1456 quod
350 1405 534 1442 horrebas
564 1403 679 1453 prisci
707 1407 912 1452 praecepta
940 1403 1124 1452 parentis,
1188 1402 1261 1439 160

69 1472 125 1510 At
152 1476 284 1508 tamen
311 1470 353 1506 in
382 1474 530 1506 vestras
558 1468 722 1518 potuisti
750 1468 889 1504 ducere
917 1468 1036 1513 sedes,

69 1537 178 1582 Quae
206 1535 281 1572 tibi
304 1534 480 1584 jucundo
508 1533 719 1570 famularer
746 1546 859 1570 serva
887 1532 1029 1580 labore,

70 1600 245 1638 Candida
272 1599 513 1649 permulcens
541 1597 701 1646 liquidis
730 1597 894 1646 vestigia
922 1596 1092 1646 lymphis

39 1670 44 1674 “
72 1665 322 1714 Purpureave
351 1668 464 1700 tuum
493 1666 745 1699 consternens
773 1666 881 1698 veste
910 1662 1046 1699 cubile.

71 1729 146 1766 Sed
165 1729 259 1778 quid
281 1741 350 1777 ego
370 1727 516 1776 ignaris
536 1726 773 1775 nequiquam
794 1739 1007 1775 conquerar
1027 1726 1144 1771 auris,
1191 1726 1263 1763 165

74 1793 309 1828 Exsternata
337 1791 450 1836 malo,
481 1803 580 1840 quae
608 1790 728 1826 nullis
757 1790 934 1827 sensibus
962 1793 1097 1826 auctae

72 1856 155 1893 Nec
183 1855 319 1892 missas
348 1854 482 1891 audire
511 1858 661 1902 queunt
689 1866 758 1890 nee
787 1853 945 1890 reddere
974 1855 1114 1892 voces?

72 1921 146 1957 Ille
174 1925 304 1957 autem
333 1932 450 1969 prope
475 1919 556 1967 jam
586 1918 724 1954 mediis
753 1922 931 1955 versatur
960 1919 1002 1954 in
1030 1919 1156 1964 undis,

73 1986 155 2022 Nec
184 1985 389 2034 quisquam
418 1987 579 2032 apparet
607 1996 728 2019 vacua
758 1983 934 2019 mortalis
962 1983 1004 2019 in
1033 1983 1129 2032 alga.

74 2050 136 2086 Sic
164 2050 281 2086 nimis
309 2048 504 2085 insultans
533 2052 708 2084 extremo
736 2052 909 2097 tempore
938 2061 1053 2084 saeva
1191 2048 1266 2087 170

76 2114 169 2151 Fors
197 2113 314 2150 etiam
343 2113 486 2149 nostris
514 2112 660 2148 invidit
687 2112 890 2159 questibus
918 2126 1039 2150 aures.
