1383 2365
549 103 854 144 OATULLUS.

212 226 355 263 Tecum
384 226 518 263 ludere
546 226 648 263 sicut]
675 226 760 275 ipsa
789 239 938 276 possem

214 291 268 327 E'o
296 290 427 327 tristes
455 290 578 327 animi
605 290 735 327 levare
763 304 884 329 curas.
1257 294 1303 330 10

213 355 310 392 Tam
339 359 495 404 gratum
524 358 584 392 esb
612 355 709 391 mihi
737 368 855 404 quam
884 356 1017 393 ferunt
1045 356 1196 406 puellae

214 419 370 457 Pernici
395 419 597 456 aureolum
623 419 742 457 fuisse
769 420 927 466 malum,

216 483 329 529 Quod
358 496 494 521 zonam
522 483 641 520 soluit
670 484 738 520 diu
766 484 939 533 ligatam.

671 633 746 669 ΙΙΙ.

215 713 374 764 Lugete,
405 727 427 750 0
456 714 631 751 Veneres
662 713 952 764 Cupidinesque

215 779 268 816 Et
296 782 489 828 quantum
518 783 577 816 est
605 778 808 815 hominum
837 780 1117 820 venustiorum.

215 843 355 881 Passer
381 846 559 880 mortuus
588 847 647 880 est
676 856 784 879 meae
814 843 980 892 puellae,

215 908 365 955 Passer,
401 908 561 945 deliciae
591 920 699 945 meae
733 908 896 956 puellae,

216 974 339 1018 Quem
370 974 458 1022 plus
485 973 554 1009 illa
584 973 706 1010 oculis
733 973 815 1010 suis
843 975 1023 1013 amabat:
1279 978 1303 1016 δ

214 1039 320 1076 Nam
353 1038 528 1075 mellitus
561 1042 644 1074 erat
677 1051 865 1087 suamque
897 1043 1011 1076 norat

216 1105 348 1154 Ipsam
377 1108 458 1140 tam
489 1104 583 1140 bene
612 1117 729 1153 quam
759 1104 889 1153 puella
913 1109 1087 1152 matrem,

215 1169 299 1206 Nec
327 1181 408 1205 sese
435 1182 458 1204 a
485 1168 632 1217 gremio
658 1168 765 1205 illius
793 1169 985 1215 movebat,

216 1233 292 1269 Sed
319 1232 600 1268 circumsiliens
628 1232 742 1268 modo
770 1232 845 1268 huc
874 1233 988 1270 modo
1015 1234 1108 1272 illuc

215 1298 281 1334 Ad
310 1297 431 1333 solam
460 1296 657 1332 dominam
688 1309 810 1345 usque
839 1297 1042 1346 pipilabab.
1256 1301 1302 1340 10

216 1363 294 1407 Qui
322 1376 427 1399 nunc
455 1362 488 1398 ib
516 1375 585 1411 per
613 1362 689 1398 iter
717 1363 1004 1400 tenebricosum

216 1427 329 1473 Illuc,
359 1427 463 1464 unde
492 1430 639 1476 negant
668 1427 794 1463 redire
822 1440 1067 1477 quemquam.

215 1492 275 1529 At
308 1492 419 1529 vobis
452 1491 553 1527 male
586 1491 649 1537 sit,
686 1491 810 1528 malae
844 1493 1025 1530 tenebrae

216 1556 320 1603 Orci,
354 1569 452 1605 quae
485 1555 616 1592 omnia
648 1556 750 1592 bella
784 1556 1002 1595 devoratis:

214 1622 309 1658 Tam
337 1621 482 1657 bellum
511 1620 608 1656 mihi
636 1633 828 1669 passerem
857 1621 1085 1661 abstulistis.
1257 1624 1300 1664 lfi

216 1685 249 1722 O
277 1685 425 1721 saccum
454 1685 564 1731 male,
595 1685 632 1721 io
660 1685 808 1722 miselle
837 1698 979 1734 passer,

214 1749 298 1786 Tua
322 1762 426 1785 nunc
455 1762 571 1798 opera
596 1762 703 1785 meae
729 1749 880 1798 puellae

214 1813 362 1850 Flendo
389 1813 581 1863 turgiduli
607 1814 750 1850 rubent,
777 1814 898 1851 ocelli.

670 1954 736 1988 IV.

217 2034 404 2072 Phaselus
432 2035 509 2080 ille,
541 2048 654 2084 quem
685 2036 838 2083 videtis,
868 2035 1050 2087 hospites,

214 2099 289 2136 Ait
316 2099 434 2136 fuisse
463 2100 623 2136 navium
652 2101 884 2146 celerrimus,
