1383 2365
542 66 847 105 OATULLUS.

636 219 754 255 XlII.

202 298 369 337 Cenabis
397 300 507 344 bene,
537 299 593 336 mi
622 299 797 346 Fabulle,
829 299 934 349 apud
963 313 1025 338 me

202 363 354 409 Paucis,
385 363 419 400 si
446 363 522 400 tibi
548 363 604 399 dii
633 363 780 409 savenb,
811 363 960 410 diebus,

203 427 245 464 Si
272 432 401 464 tecum
430 428 612 464 abtuleris
642 428 783 464 bonam
813 432 931 477 atque
960 440 1142 478 magnam

203 492 361 539 Oenam,
392 505 471 529 non
499 493 583 530 sine
612 493 776 529 candida
806 492 936 542 puella

203 557 256 594 Et
284 557 378 594 vino
406 562 446 594 et
474 558 554 595 sale
583 562 623 595 et
651 559 833 595 omnibus
862 558 1070 596 cachinnis.
1270 559 1292 596 5

202 622 315 659 Haec
343 622 386 669 si,
418 623 591 671 inquam,
622 623 817 669 attuleris,
849 627 1015 660 venuste
1042 626 1187 670 noster,

204 687 372 724 Cenabis
399 688 523 725 bene:
562 701 653 724 nam
682 688 743 724 tui
773 688 921 725 Catulli

203 751 350 789 Plenus
379 752 555 789 sacculus
583 756 643 788 esi:
670 765 911 789 aranearum.

203 816 280 854 Sed
308 820 444 853 contra
473 817 637 866 accipies
666 829 791 854 meros
820 830 971 854 amores

204 880 281 918 Seu
309 881 403 931 quid
433 881 594 918 suavius
623 881 892 930 elegantiusve
921 886 989 919 esb.
1250 881 1296 919 lO

203 946 309 983 Nam
337 950 585 995 unguentum
614 946 725 993 dabo,
755 947 859 995 quod
887 960 995 984 meae
1025 947 1175 996 puellae

203 1011 415 1047 Donarunb
443 1010 620 1048 Veneres
644 1010 945 1060 Cupidinesque,

205 1076 318 1120 Quod
346 1078 392 1112 tu
420 1088 509 1112 cum
537 1075 705 1122 olfacies,
736 1076 828 1113 deos
855 1077 1009 1125 rogabis

204 1140 347 1177 Totum
376 1144 422 1177 111,
450 1145 489 1176 tc
517 1140 675 1186 faciant,
707 1140 882 1188 Fabulle,
913 1153 1063 1178 nasum.

645 1280 754 1314 XIV.

205 1363 262 1399 Ni
288 1366 329 1400 te
357 1363 446 1411 plus
474 1362 596 1399 oculis
625 1362 722 1399 meis
751 1375 933 1409 amarem,

203 1427 231 1464 J
236 1427 497 1464 ucundissime
526 1427 656 1473 Oalve,
688 1439 848 1464 munere
876 1427 951 1464 isto

206 1492 384 1529 Odissem
413 1495 452 1528 te
481 1492 569 1528 odio
598 1491 827 1528 Vatiniano.

205 1557 311 1593 Nam
339 1556 435 1605 quid
463 1556 537 1593 feci
566 1569 635 1605 ego
664 1556 807 1605 quidve
836 1569 922 1593 sum
951 1556 1104 1593 locutus

207 1621 287 1658 Gur
314 1635 376 1658 me
403 1625 464 1658 tot
491 1621 592 1658 male
622 1622 799 1670 perderes
827 1621 977 1671 poetis?
1272 1623 1295 1659 5

206 1685 280 1723 Isti
308 1686 364 1722 dii
391 1686 495 1722 mala
522 1686 648 1722 multa
676 1687 772 1722 denb
800 1686 935 1722 clienti

207 1751 284 1796 Qui
313 1755 469 1788 tantum
499 1751 572 1788 tibi
599 1751 709 1788 misib
736 1751 955 1800 impiorum.

207 1813 321 1858 Quod
349 1813 394 1860 si,
424 1817 471 1850 ut
498 1813 682 1862 suspicor,
714 1813 785 1849 hoc
814 1826 961 1849 novum
990 1826 1034 1850 ac
1063 1817 1258 1863 repertum

207 1878 358 1915 Munus
387 1878 455 1914 dab
482 1878 558 1914 tibi
587 1877 697 1914 Sulla
726 1878 937 1924 libbe-rator,

207 1943 301 1980 Non
329 1947 389 1980 est
417 1943 471 1979 mi
500 1942 600 1979 male
629 1942 696 1979 sed
723 1942 821 1979 bene
850 1956 893 1979 ac
921 1943 1044 1990 beate,
1250 1943 1297 1979 10

208 2007 322 2052 Quod
350 2020 429 2044 non
462 2007 689 2056 dispereunt
722 2006 783 2043 tui
813 2006 975 2044 labores.

210 2071 280 2109 Dii
306 2072 451 2121 magni,
484 2070 710 2108 horribilem
744 2075 784 2107 et.
813 2084 964 2108 sacrum
1000 2071 1189 2118 libellum,
