1383 2365
99 102 147 140 20

543 100 764 139 OATULL
771 101 846 139 US.

668 237 710 273 L.

202 318 409 365 Hesterno,
440 319 578 366 Licini,
609 319 672 356 die
700 319 816 357 obiosi

202 384 378 420 Multum
407 384 572 420 lusimus
600 383 641 419 in
670 383 765 420 meis
802 384 968 431 tabellis,

204 448 264 485 Ut
291 452 526 485 convenerat
555 461 636 484 csse
664 447 858 485 delicatos.

203 512 384 549 Scribens
412 512 623 549 versiculos
652 516 816 561 uberque
845 516 1025 549 nostrum

203 577 380 613 Ludebat}
408 590 570 613 numero
599 577 712 613 modo
740 576 811 613 hoc
839 577 953 613 modo
981 576 1080 620 illoc,

203 641 386 678 Reddens
415 645 553 678 mutua
581 654 649 690 per
671 642 804 690 jocum
833 645 950 690 acque
977 641 1115 677 vinum

203 706 336 754 Atque
364 705 474 742 illinc
502 705 581 741 abii
608 709 678 742 tuo
706 705 835 754 lepore

204 770 403 816 Incensus,
434 769 572 816 Licini,
604 769 841 818 facetiisque,

203 834 264 871 Ut
292 846 362 870 nec
390 847 452 870 me
480 834 664 870 miserum
694 834 802 870 cibus
825 833 985 882 juvaret

202 898 243 935 N
245 912 286 935 ec
314 911 471 935 somnus
500 902 647 947 tegeret
675 898 806 947 quiete
834 897 984 945 ocellos,

202 962 277 999 Sed
306 966 401 1009 toto,
431 962 645 999 indomitus
672 962 814 1008 furore,
843 961 943 998 lecbo

201 1028 391 1064 Versarer
418 1027 578 1076 cupiens
607 1027 738 1064 videre
767 1027 903 1072 lucem,

203 1093 264 1130 Ut
292 1097 420 1129 tecum
448 1091 627 1140 loquerer
657 1091 853 1140 simulque
880 1094 926 1127 ub
954 1102 1084 1127 essem.

201 1157 261 1194 At
289 1151 437 1194 defessa
465 1156 596 1193 labore
624 1156 798 1193 membra
826 1159 1031 1204 postquam

202 1221 463 1259 Semimortua
490 1221 633 1257 lectulo
657 1221 850 1270 jacebant,

201 1287 302 1332 Hoc,
326 1286 512 1336 jucunde,
543 1285 618 1322 tibi
646 1298 783 1335 poema
811 1285 896 1331 feci,

202 1352 264 1388 Ex
292 1364 371 1400 quo
397 1350 632 1400 perspiceres
659 1363 791 1387 meum
820 1350 1000 1386 dolorem.

201 1416 319 1453 Nunc
347 1416 475 1452 audax
503 1428 595 1452 cave
624 1415 686 1460 sis,
718 1427 923 1463 precesque
951 1417 1114 1460 nostras,

202 1481 380 1526 Oramus,
411 1492 504 1516 cave
532 1479 708 1528 despuas,
740 1479 868 1525 ocelle,
964 1481 967 1484 ’

202 1545 265 1581 Ne
293 1557 436 1593 poenas
465 1543 645 1580 Nemesis
673 1546 847 1592 reposcat
875 1555 898 1578 a
926 1545 975 1579 te.

201 1609 274 1645 Est
301 1621 460 1646 vemens
488 1608 584 1645 dea:
622 1607 772 1644 laedere
800 1607 899 1643 hanc
927 1610 1072 1646 caveto.

661 1693 722 1727 LI.

202 1775 276 1812 Ille
304 1774 359 1811 mi
387 1787 457 1823 par
484 1786 566 1811 esse
595 1774 666 1811 deo
694 1773 861 1819 videtur,

202 1839 289 1886 Ille,
320 1838 353 1875 si
381 1838 440 1876 fas
468 1842 537 1884 est,
568 1851 750 1887 superare
778 1837 899 1884 divos,

203 1903 283 1948 Qui
311 1903 448 1941 sedens
477 1903 663 1940 adversus
691 1901 905 1939 identidem
933 1905 975 1938 te

416 1967 577 2016 Spectat
603 1971 643 2004 et
671 1966 782 2003 audit

202 2031 326 2069 Dulce
354 2032 556 2077 ridentem,
587 2031 727 2068 misero
755 2030 857 2079 quod
886 2042 1019 2067 omnes

204 2095 333 2147 Eripit
360 2108 495 2133 sensus
522 2095 619 2131 mihi
633 2108 644 2141 5
675 2107 765 2131 nam
794 2094 910 2130 simul
938 2097 990 2136 te.

1243 898 1290 935 10

1242 1220 1288 1256 15

1239 1543 1289 1580 20
