1383 2365
547 120 849 158 OATULLUS.
1250 102 1297 139 63

109 239 170 276 Ne
199 238 404 288 quicquam
434 241 567 274 nostro
595 240 838 273 contractum
866 248 915 271 ex
943 248 1008 271 ore
1036 237 1222 278 maneret,

160 303 372 351 Tamquam
402 301 626 338 commictae
655 313 792 349 spurca
821 299 944 335 saliva
972 298 1097 346 lupae.
1263 294 1310 330 10

108 368 313 405 Praeterea
342 367 484 403 infesto
512 365 696 402 miserum
726 377 787 400 me
816 363 967 399 tradere
996 362 1119 399 amori

162 432 201 468 N
205 445 254 468 on
283 431 442 468 cessasti
470 429 652 478 omnique
681 428 902 466 excruciare
931 427 1054 472 modo,

111 496 170 533 Ut
198 496 253 532 mi
280 508 328 532 ex
357 494 550 531 ambrosia
578 497 774 530 mutatum
797 493 880 541 jam
909 492 1010 529 foret
1036 491 1136 527 illud

162 559 361 597 Saviolum
394 558 499 595 tristi
528 558 680 595 tristius
709 558 886 594 elleboro.

110 622 237 666 Quam
266 621 449 670 quoniam
478 635 641 671 poenam
669 622 811 658 misero
838 621 1021 671 proponis
1050 621 1185 669 amori,
1257 620 1302 657 15

164 686 378 736 Nunquam
402 687 483 736 jam
513 686 671 735 posthac
699 686 807 723 basia
834 687 1055 736 surripiam.

675 796 735 831 CI.

112 877 262 914 Multas
289 891 357 926 per
383 881 519 926 gentes
546 882 587 914 et
614 877 738 914 multa
767 890 835 926 per
862 891 1030 926 aequora
1058 882 1193 915 vectus

165 942 346 979 Advenio
374 942 443 979 has
472 941 641 988 miseras,
672 942 803 988 frater,
834 942 883 979 ad
911 941 1081 989 inferias,

113 1006 173 1043 Ut
200 1011 239 1043 te
267 1010 460 1055 postremo
489 1006 672 1043 donarem
700 1019 860 1044 munere
888 1007 1027 1043 mortis

164 1071 218 1108 Et
246 1076 395 1107 mutam
423 1071 660 1120 nequiquam
689 1071 906 1120 alloquerer
931 1071 1109 1108 cinerem.

110 1135 433 1184 Quandoquidem
462 1135 620 1172 fortuna
648 1135 745 1172 mihi
773 1140 852 1173 tete
881 1136 1046 1173 abstulit
1073 1136 1214 1185 ipsum,
1283 1139 1304 1175 5

164 1200 258 1238 Heu
286 1200 403 1237 miser
430 1199 590 1249 indigne
616 1200 738 1237 frater
765 1200 945 1249 adempte
971 1200 1080 1246 mihi,

111 1264 151 1302 N
155 1278 228 1302 unc
247 1269 380 1302 tamen
403 1264 553 1301 interea
572 1264 676 1311 haec,
698 1264 823 1314 prisco
849 1278 948 1314 quae
972 1277 1078 1302 more
1098 1268 1300 1314 parentum

163 1329 323 1366 Tradita
350 1333 444 1366 sunt
471 1329 577 1366 tristi
605 1342 766 1367 munere
795 1330 844 1366 ad
872 1329 1044 1376 inferias,

113 1393 256 1444 Accipe
284 1394 456 1431 fraterno
484 1393 654 1430 multum
682 1394 883 1431 manantia
910 1394 1016 1440 fletu,

164 1459 299 1507 Atque
328 1458 370 1494 in
398 1461 642 1507 perpetuum,
672 1458 804 1504 frater,
835 1471 906 1495 ave
935 1462 1052 1507 atque
1081 1458 1177 1496 vale.
1259 1460 1306 1496 10

665 1572 749 1608 CII.

112 1652 153 1690 Si
182 1653 388 1702 quicquam
417 1652 537 1689 tacito
566 1652 813 1690 commissum
843 1657 902 1690 est
929 1653 1006 1690 fido
1034 1653 1082 1690 ab
1110 1653 1247 1694 amieo.

166 1717 288 1766 Cujus
315 1717 367 1754 sit
394 1717 551 1766 penitus
579 1721 673 1754 nota
700 1718 795 1755 fides
822 1718 955 1764 animi,

115 1782 257 1831 Meque
286 1794 366 1818 esse
394 1781 570 1818 invenies
597 1782 755 1819 illorum
778 1782 867 1831 jure
896 1786 1102 1829 sacratum,

167 1845 334 1891 Corneli,
364 1849 404 1883 et
431 1845 578 1882 factum
607 1859 667 1884 me
696 1859 776 1883 esse
805 1851 901 1896 puta
929 1846 1224 1895 Harpocratem.

649 1961 771 1996 CVII.

114 2042 156 2079 Si
183 2041 246 2079 cui
273 2042 367 2091 quid
396 2041 611 2091 cupidoque
639 2042 868 2091 optantique
896 2042 1039 2092 obtigit
1066 2056 1237 2093 unquam

168 2106 403 2157 Inspemnti,
436 2106 507 2143 hoc
535 2111 593 2143 est
620 2110 773 2155 gratum
805 2107 935 2143 animo
963 2108 1126 2158 proprie.
