1383 2365
496 141 565 179 CA
570 142 645 180 TU
650 141 801 181 LLUS.
1197 146 1217 181 4
1226 147 1246 182 9

580 292 722 328 LXVI.

54 384 196 424 Omnia
228 385 298 436 qui
330 386 462 437 magni
494 388 666 437 dispexit
698 387 848 425 lumina
885 388 1033 436 mundi,

107 452 186 497 Qui
218 453 419 490 stellarum
453 458 563 490 ortus
597 454 785 503 comperit
819 458 937 503 atque
971 454 1109 500 obitus,

55 516 276 554 Flammeus
313 522 358 554 ut
396 519 521 567 rapidi
559 518 651 556 solis
688 518 793 555 nitor
830 519 1068 564 obscuretur,

107 581 169 618 Ut
201 582 340 618 cedant
372 582 487 619 certis
520 582 649 620 sidera
677 583 929 631 temporibus,

57 644 119 683 Ut
154 646 329 683 Triviam
367 646 504 683 furtim
538 648 610 684 sub
644 647 800 684 Latmia
837 660 930 684 saxa
967 647 1141 697 relegans

107 709 246 747 Dulcis
279 723 388 747 amor
416 724 513 761 gyro
545 712 706 749 devocet
734 724 856 757 aereo,

54 774 163 811 Idem
199 788 260 812 me
291 775 358 812 ille
388 775 522 812 Conon
551 776 707 813 caelesti
739 775 901 812 numine
934 775 1035 812 vidit

106 838 140 874 E
174 839 383 877 Bereniceo
418 840 565 877 vertice
601 840 807 878 caesariem

54 902 286 952 Fulgentem
323 904 435 950 clare,
471 917 587 954 quam
620 905 757 942 multis
789 905 858 942 illa
894 905 1054 942 dearum

106 967 227 1004 Levia
264 969 501 1017 protendens
538 969 695 1006 brachia
732 969 906 1019 pollicita
943 973 1012 1015 est,
1199 970 1246 1006 10

53 1031 139 1076 Qua
171 1044 240 1068 rex
278 1036 510 1082 tempestate
544 1046 646 1071 novo
679 1038 816 1071 auctus
845 1034 1059 1083 hymenaeo

104 1095 316 1132 Vastatum
355 1097 450 1134 fines
487 1097 613 1135 iverat
650 1098 845 1147 Assyrios,

1223 648 1244 681 5

53 1159 194 1197 Dulcia
227 1164 439 1198 nocturnae
469 1166 629 1211 portans
660 1161 826 1211 vestigia
857 1161 966 1198 rixae

107 1225 233 1270 Quam
266 1226 313 1262 de
344 1227 531 1275 virgineis
558 1231 728 1276 gesselat
756 1226 920 1264 exuviis.

53 1289 175 1326 Estne
205 1289 317 1326 novis
352 1291 486 1339 nuptis
520 1291 607 1328 odio
636 1291 786 1335 Venus,
817 1295 934 1340 atque
966 1270 1173 1340 parentum
1197 1292 1242 1328 15

106 1353 365 1390 Frustiantur
393 1354 501 1391 falsis
528 1355 671 1404 gaudia
699 1355 921 1400 lac1i1nulis,

53 1416 240 1455 Ubertim
269 1418 432 1455 thalami
461 1432 557 1467 quas
589 1419 695 1455 intra
728 1418 866 1456 limina
893 1419 1087 1456 fundunt?

107 1481 312 1519 Non—ita
340 1496 401 1519 me
430 1483 660 1520 divi—vera
687 1484 1059 1532 gemunt—juerint.

53 1545 101 1583 Id
134 1559 218 1582 mea
251 1559 311 1584 me
340 1547 475 1584 multis
503 1547 634 1584 docuit
660 1547 795 1596 regina
827 1548 1019 1597 querellis,

106 1610 308 1647 Invisente
341 1624 443 1648 novo
476 1612 622 1661 praelia
654 1616 767 1649 torva
799 1612 893 1649 viimo
1193 1613 1243 1650 20

52 1676 111 1713 At
137 1679 182 1710 tu
220 1688 298 1711 non
335 1676 472 1712 orbum
505 1676 609 1713 luxti
641 1677 792 1713 deserta
824 1676 960 1722 cubile,

106 1739 181 1776 Sed
213 1739 346 1776 flat1is
379 1741 458 1776 cari
491 1741 618 1777 flebile
650 1741 868 1787 discidium,

52 1804 150 1841 Cum
185 1804 340 1851 penitus
373 1809 539 1842 maestas
572 1805 703 1841 exedit
735 1819 827 1842 cura
859 1806 1073 1844 medullas?

106 1869 167 1906 Ut
202 1868 276 1904 tibi
307 1873 402 1906 tunc
433 1874 517 1906 toto
550 1874 702 1918 pectore
735 1870 923 1907 sollicitae

52 1933 236 1970 Sensibus
269 1932 411 1982 ereptis
443 1946 551 1969 mens
584 1934 756 1971 excidit!
797 1938 839 1970 at
868 1939 906 1971 te
935 1948 1004 1984 ego
1032 1939 1135 1972 certe
1192 1936 1239 1973 25

106 1997 322 2047 Oognoram
350 2010 372 2033 a
400 2010 521 2046 parva
553 1998 703 2046 virgine
737 1999 1035 2048 magnanimam.

54 2061 171 2099 Anne
196 2062 339 2098 bonum
368 2062 488 2098 oblita
508 2075 548 2098 es
576 2062 735 2107 facinus,
766 2076 842 2112 quo
867 2063 1017 2112 regium
1036 2064 1175 2114 adepta
1202 2078 1242 2102 es

107 2125 353 2174 Conjughun,
389 2126 491 2174 quod
525 2139 602 2162 non
636 2126 773 2162 fortior
805 2128 908 2164 ausit
940 2128 1039 2164 alis‘l

636 2205 660 2228 D
