1383 2365
134 97 180 136 40
578 99 883 138 GATULLUS.

131 219 157 255 J
162 220 316 269 uppiter
345 220 601 269 omnipotens,
633 221 785 257 utinam
814 234 862 257 ne
893 226 1063 270 tempore
1092 222 1217 271 primo

131 283 275 321 Gnosia
305 284 510 334 Cecropiae
540 284 760 333 tetigissent
788 285 904 322 litora
932 298 1090 334 puppes,

131 350 328 387 Indomito
359 363 429 387 nec
458 351 544 386 dira
571 350 700 387 ferens
729 351 924 399 stipendia
956 355 1066 388 tauro

130 414 306 452 Perfidus
336 415 378 451 in
410 414 526 452 Creta
555 415 757 464 religasset
787 415 923 451 navita
953 416 1098 461 funem,
1248 416 1320 453 175

130 479 211 516 Nec
241 479 367 516 malus
396 479 470 525 hic,
502 479 631 515 celans
662 479 766 516 dulci
798 479 969 516 crudelia
998 479 1122 516 forma

128 543 309 590 Consilia,
341 543 384 580 in
414 543 559 580 nostris
590 543 803 592 requiesset
834 544 989 580 sedibus
1020 544 1165 593 hospes.

128 608 230 644 Nam
261 621 338 658 quo
368 621 429 645 me
459 608 650 645 referam?
688 608 794 656 quali
825 620 891 657 spe
922 608 1074 657 perdita
1104 609 1233 645 nitor?

128 671 406 707 Idomeneosne
434 677 565 720 petam
595 672 771 708 montes?
798 673 838 708 a!
867 672 1019 720 gurgite
1048 672 1127 708 lato

126 734 360 772 Discernens
390 736 501 784 ponti
530 735 798 772 truculentum
829 736 972 772 dividit
1000 750 1153 785 aequor.
1245 737 1320 774 180

124 799 193 834 An
222 799 345 848 patris
375 799 568 835 auxilium
599 800 775 848 sperem‘l
813 812 979 848 quemne
1009 801 1093 849 ipsa
1123 801 1272 851 reliqui,

125 863 360 912 Respersum
386 864 575 912 juvenem
605 863 778 900 fraterna
808 865 923 901 caede
953 867 1107 902 secut-a?

125 927 310 977 Conjugis
340 941 390 964 an
420 928 497 965 fido
528 928 703 964 consoler
732 933 875 965 memet
905 931 1061 967 amore?

123 992 251 1037 Quine
281 992 383 1041 fugit
412 992 538 1029 lentos
569 993 779 1030 incurvans
808 994 961 1043 gurgite
992 996 1140 1032 remos?

122 1056 330 1094 Praeterea
359 1057 468 1094 nullo
498 1057 604 1103 litus,
637 1057 719 1094 sola
748 1057 887 1104 insula,
919 1063 1045 1106 tecto3
1244 1061 1314 1098 185

122 1121 204 1159 Nec
234 1126 343 1172 patet
373 1135 547 1172 egressus
577 1122 703 1171 pelagi
733 1122 981 1172 cingentibus
1011 1124 1150 1162 undis:

120 1186 242 1224 Nulla
271 1187 386 1237 fugae
416 1187 529 1233 ratio,
561 1187 670 1223 nulla
700 1200 810 1236 spes:
852 1188 982 1225 omnia
1012 1193 1131 1236 muta,

120 1252 263 1289 Omnia
292 1256 385 1289 sunt
415 1252 577 1299 deserta,
610 1256 812 1289 ostentant
840 1253 972 1290 omnia
1002 1253 1133 1291 letum.

118 1316 211 1353 Non
242 1322 374 1354 tamen
404 1321 495 1353 ante
525 1315 623 1352 mihi
654 1316 904 1365 languescent
934 1317 1084 1355 lumina
1113 1324 1247 1368 morte,

118 1381 201 1419 Nec
230 1382 339 1431 prius
369 1395 392 1418 a
420 1381 520 1419 fesso
551 1381 731 1418 secedent
761 1394 917 1431 corpore
948 1395 1093 1431 sensus,
1239 1385 1312 1422 190

117 1444 243 1489 Quam
268 1446 419 1494 justam
448 1461 471 1484 a
499 1448 602 1486 divis
631 1463 836 1500 exposcam
866 1453 1021 1501 prodita
1049 1454 1214 1491 multam

117 1509 413 1561 Caelestumque
441 1513 557 1551 fidem
585 1520 780 1563 postrema
808 1530 1026 1566 comprecer
1053 1518 1157 1556 hora.

116 1574 245 1619 Quare
274 1576 376 1613 facta
405 1578 535 1614 virum
566 1580 779 1617 multantes
809 1582 963 1618 vindice
992 1595 1125 1632 poena,

114 1639 362 1688 Eumenides,
394 1643 537 1691 quibus
566 1645 736 1693 anguino
765 1647 947 1683 redimita
975 1649 1114 1696 capillo

115 1703 239 1741 Frons
269 1706 512 1755 exspirantes
541 1714 764 1758 praeportat
792 1712 958 1760 pectoris
987 1712 1076 1759 iras,
1244 1714 1317 1751 195

116 1768 210 1806 Huc
240 1769 316 1807 huc
345 1771 566 1818 adventate‚
598 1787 703 1811 meas
721 1775 866 1812 *audite
894 1777 1098 1824 querellas,

119 1831 227 1881 Quas
256 1847 335 1884 ego,
367 1849 438 1873 vae
466 1838 618 1885 misera,
650 1841 835 1876 extremis
865 1841 1037 1890 proferre
1065 1843 1246 1879 medullis

111 1896 235 1945 Cogor
263 1897 386 1946 inops,
419 1898 569 1943 ardens,
601 1900 750 1936 amenti
779 1914 890 1938 caeca
919 1903 1058 1942 furore.

110 1960 219 2006 Quae
246 1962 432 2010 quoniam
461 1975 576 1998 verae
605 1969 822 2001 nascuntur
849 1972 1003 2015 pectore
1031 1971 1079 2007 ab
1108 1973 1195 2019 imo,

109 2025 191 2062 Vos
219 2026 341 2062 nolite
369 2026 453 2074 pati
482 2031 660 2064 nostrum
689 2042 894 2068 vanescere
922 2033 1083 2082 luctum,
1228 2040 1303 2079 200

108 2090 183 2127 Sed
211 2090 318 2140 quali
346 2091 468 2127 solam
497 2090 670 2129 Theseus
698 2106 759 2130 me
788 2101 918 2133 mente
947 2098 1118 2149 reliquit,
