1383 2365
518 119 820 158 OATULLUS.
1219 122 1265 159 33

81 236 212 274 Abero
239 237 333 283 foro,
364 238 567 287 palaestra,
602 239 729 276 stadio
755 243 794 276 et
826 240 1066 289 gymnasiis‘l
1220 241 1268 278 60

82 301 202 338 Miser
238 315 261 339 a
298 302 425 349 miser,
461 304 700 352 querendum
735 307 793 340 esf,
831 304 949 340 etiam
983 309 1100 353 atque
1137 304 1266 350 etiam,

185 379 320 404 anime.

80 430 192 476 Quod
222 432 325 467 enim
351 444 470 480 genus
496 432 640 481 figurae
660 436 728 478 est,
751 445 819 481 ego
845 432 947 481 quod
980 445 1058 468 non
1089 433 1269 469 obierim2

79 495 161 544 Ego
191 495 343 542 mulier,
375 508 444 544 ego
469 497 704 542 adulescens,
732 510 801 545 ego
831 496 1012 545 ephebus,
1042 509 1111 546 ego
1149 510 1254 546 puer,

79 560 162 608 Ego
194 560 373 609 gymnasi
403 560 461 597 fui
494 560 574 607 flos,
603 574 671 609 ego
699 574 803 597 eram
830 561 944 597 decus
971 561 1045 597 olei
1053 575 1064 608 ,-

79 624 183 660 Mihi
202 625 349 673 januae
378 625 612 673 frequentes,
638 625 736 661 mihi
769 625 906 661 limina
936 625 1077 673 tepida,
1219 626 1266 662 65

78 688 182 725 Mihi
214 689 361 725 floridis
394 689 547 726 corollis
579 689 761 726 redimita
791 690 927 726 domus
958 694 1052 735 erat,

78 753 352 802 Linquendum
385 753 452 790 ubi
485 758 585 790 esset)
614 758 699 791 orto
733 754 829 790 mihi
861 753 939 789 sole
966 754 1196 791 cubiculum.

77 817 159 866 Ego
192 831 295 854 nunc
328 818 443 854 deum
480 818 659 855 ministra
693 823 732 855 et
770 818 934 867 Cybeles
964 819 1111 855 famula
1147 818 1267 855 ferar?

78 881 160 931 Ego
192 881 365 928 Maenas,
400 894 469 932 ego
499 882 576 919 mei
608 896 708 931 pars,
744 896 812 931 ego
846 883 907 920 vir
937 883 1081 920 sterilis
1112 884 1200 919 er02

77 947 159 996 Ego
187 947 324 983 viridis
353 947 480 996 algida
506 946 597 983 Idae
626 948 717 983 nive
745 947 886 984 amicta
918 948 1002 984 loca
1026 947 1169 984 colam?
1217 948 1265 984 70

77 1011 159 1060 Ego
192 1011 314 1048 vitam
349 1024 459 1060 agam
491 1012 562 1048 sub
595 1011 685 1048 altis
715 1011 908 1061 Phrygiae
941 1011 1210 1057 columinibus,

77 1076 160 1114 Ubi
192 1089 305 1112 cerva
337 1076 584 1121 silvicustrix,
606 1076 674 1112 ubi
706 1089 798 1125 aper
827 1076 1124 1125 nemorivagus?

75 1139 168 1177 Jam
181 1140 266 1189 jam
285 1140 390 1177 doleb
422 1140 525 1189 quod
559 1140 630 1189 egi⁷
657 1141 741 1189 jam
769 1140 929 1190 jamque
961 1140 1158 1190 paenitet]

77 1204 213 1241 Roseis
246 1208 291 1240 ub
319 1204 410 1241 hinc
439 1204 589 1241 labellis
618 1205 769 1242 sonitus
802 1205 917 1242 adiit.
944 1236 951 1243 .
977 1237 984 1243 .
1010 1235 1016 1243 .

76 1269 260 1307 Geminas
283 1269 441 1306 deorum
470 1270 519 1306 ad
544 1283 656 1306 aures
684 1283 786 1307 nova
811 1270 950 1307 nuntia
976 1270 1157 1317 referens,
1216 1269 1263 1306 75

76 1335 139 1371 Ibi
163 1335 303 1383 juncta
328 1335 425 1384 juga
458 1334 655 1371 resolvens
687 1335 830 1383 Cybele
864 1335 1041 1372 leonibus

77 1399 326 1448 Laevumque
357 1398 504 1448 pecoris
536 1398 686 1436 hosbem
721 1399 927 1436 stimulans
964 1399 1021 1436 ita
1049 1399 1233 1448 loquitur.

77 1463 305 1512 ‘Agedum‚'
335 1463 475 1512 inquit,
518 1466 608 1512 ‘age
637 1463 747 1500 ferox
785 1463 810 1509 i,
845 1463 905 1500 fae
943 1467 988 1500 ut
1027 1463 1131 1500 hunc
1159 1463 1266 1500 furor

180 1528 305 1575 agitet,

75 1591 107 1628 F
109 1605 151 1628 ac
180 1592 240 1628 uti
269 1592 411 1628 furoris
439 1592 521 1629 ictu
549 1592 720 1629 redibam
749 1592 789 1629 in
819 1605 978 1629 nemora
1006 1592 1116 1637 ferat,

30 1653 34 1657 ’
76 1655 167 1692 Mea
195 1656 315 1692 libere
342 1656 458 1692 nimis
487 1656 556 1705 qui
583 1656 714 1705 sugere
742 1657 905 1706 imperia
934 1657 1050 1706 cupit.
1216 1656 1266 1694 80

78 1721 163 1769 Age
191 1721 304 1757 caede
333 1724 442 1770 terga
469 1721 601 1765 cauda,
632 1725 701 1757 tua
728 1722 890 1758 verbera
917 1726 1060 1771 patere,

78 1785 155 1821 Fac
182 1789 320 1821 cuncta
346 1785 537 1834 mugienti
564 1785 723 1822 fremitu
752 1785 835 1822 loca
862 1789 1052 1830 retonent,

79 1849 258 1885 Russilam
287 1849 397 1885 ferox
426 1854 554 1886 torosa
583 1850 730 1886 cervice
762 1854 878 1899 quate
903 1850 1066 1899 jubam.'

78 1914 153 1950 Ait
183 1913 276 1950 haec
307 1913 442 1949 minax
472 1913 632 1962 Cybelle
663 1915 878 1963 religatque
903 1914 999 1963 juga
1029 1927 1157 1951 manu.

80 1977 200 2014 Ferus
229 1978 310 2027 ipse
341 1990 421 2015 sese
451 1979 661 2015 adhortans
686 1979 865 2027 rapidum
891 1979 1030 2015 incitat
1055 1979 1195 2023 animo,
1217 1978 1266 2015 85

80 2043 213 2085 Vadit,
245 2043 387 2088 fremib,
419 2044 599 2092 refringit]
628 2044 799 2092 virgulta
828 2044 922 2093 pede
952 2057 1059 2092 vago.

84 2108 139 2147 At
169 2107 236 2143 ubi
264 2105 397 2141 umida
425 2105 630 2142 albicantis
658 2106 741 2142 loca
769 2107 894 2143 litoris
922 2108 1020 2144 adiit

656 2162 678 2188 C
