1383 2365
96 94 138 130 14

537 97 841 136 OATULLUS.

200 214 371 251 Eunteln
400 217 565 260 revocet,
598 227 814 263 manusque
841 216 940 253 collo

200 277 352 315 Ambas
380 278 561 327 injiciens
587 282 696 327 roget
725 280 878 327 morari,

200 344 310 389 Quae
338 356 452 389 nunc,
485 343 518 379 si
548 343 645 379 mihi
674 356 768 380 vera
796 345 1043 392 nuntiantur,

199 409 321 444 Illum
348 407 500 456 deperit
527 407 742 457 impotente
770 422 908 446 amore.

199 473 304 510 Nam
333 485 410 522 quo
440 477 614 521 tempore
643 472 740 522 legit
768 473 990 511 incohatam

199 537 391 586 Dindymi
420 537 630 584 dominam,
661 550 710 574 ex
738 551 782 575 eo
811 538 985 576 misellae

199 603 315 652 Ignes
341 601 569 638 interiorem
597 602 720 639 edunt
748 603 968 641 medullam.

198 667 361 716 Ignosco
389 666 473 713 tibi,
501 666 693 716 Sapphica
721 664 851 717 puella

197 731 315 768 Musa
343 730 521 769 doctior:
561 736 619 768 est
646 732 751 768 enim
778 736 943 770 venuste

198 797 346 846 Magna
374 795 541 833 Caecilio
570 795 752 833 incohata
780 802 915 835 mater.

589 917 782 952 XXXVI.

198 998 376 1035 Annales
405 998 560 1043 Volusi,
592 1003 724 1035 cacata
753 1002 871 1044 carta,

195 1064 348 1101 Votum
376 1063 516 1101 solvite
546 1076 616 1112 pro
647 1076 732 1100 mea
760 1064 900 1113 puella.

194 1129 299 1166 Nam
330 1132 486 1165 sanctae
509 1127 658 1165 Veneri
684 1128 946 1177 Cupidinique

197 1193 329 1238 Vovit,
362 1193 395 1230 si
423 1193 498 1229 sibi
527 1193 735 1230 restitutus
764 1206 886 1230 essem

194 1256 469 1307 Desissemque
497 1260 627 1295 truces
659 1258 814 1295 vibrare
841 1258 1001 1305 iambos,

195 1322 441 1359 Electissima
469 1323 627 1371 pessimi
654 1327 792 1372 poetae

195 1386 349 1436 Scripta
377 1387 572 1437 tardipedi
602 1388 673 1425 deo
702 1388 883 1425 daturam

198 1451 425 1489 Infelicibus
454 1452 666 1489 ustulanda
694 1452 840 1501 lignis,

197 1516 250 1553 Et
277 1516 350 1553 hoc
377 1517 545 1566 pessima
574 1530 614 1553 se
642 1518 774 1567 puella
802 1517 906 1554 vidit

192 1581 221 1619 J
224 1594 332 1618 ocose
358 1581 485 1630 lepide
513 1594 655 1618 vovere
683 1581 794 1618 divis.

194 1645 312 1682 Nunc
340 1658 363 1682 o
391 1645 565 1682 caeruleo
593 1650 723 1682 creata
750 1650 881 1695 ponto,

195 1712 303 1755 Quae
332 1714 509 1748 sanctum
540 1711 710 1747 Idalium
739 1710 936 1760 Uriosque
965 1716 1128 1760 apertos

194 1776 378 1824 Quaeque
406 1776 572 1812 Ancona
600 1775 846 1824 Cnidumque
874 1774 1150 1813 arundinosam

195 1839 309 1886 Colis,
338 1852 513 1889 quaeque
541 1839 804 1886 Amathunta,
835 1852 1010 1889 quaeque
1042 1839 1197 1890 Golgos,

194 1904 379 1953 Quaeque
408 1903 673 1941 Durrachium
702 1904 850 1941 Adriae
879 1905 1093 1950 tabernam,

193 1970 411 2018 Acceptum
440 1969 521 2007 face
546 1970 820 2018 redditumque
850 1973 999 2016 votum,

193 2033 236 2070 Si
263 2047 343 2070 non
371 2034 574 2083 illepidum
599 2046 725 2083 neque
752 2034 1006 2070 invenustum
1034 2037 1104 2071 esu

193 2098 252 2136 At
281 2111 349 2135 vos
375 2098 525 2135 interea
553 2098 685 2135 venite
713 2098 756 2135 'm
784 2098 926 2144 ignem,

1240 282 1286 320 10

1239 1583 1283 1620 10

1235 1906 1278 1941 15
