1383 2365
505 153 808 191 OATULLUS.
1206 157 1227 193 2
1234 158 1251 193 1

172 271 321 317 Lesbia,
350 270 495 320 aspexi,
526 271 625 306 nihil
654 276 713 307 est
741 283 856 320 super
883 270 938 308 mi

170 399 323 449 Lingua
351 399 417 437 sed
444 403 585 448 torpet,
616 398 747 436 tenuis
775 400 847 436 sub
876 403 986 437 artus

168 464 345 500 Flamma
373 463 565 510 demanat,
597 462 730 500 sonitu
758 467 896 512 suopte
1206 466 1254 503 10

168 528 375 565 Tintinant
402 540 526 573 aures,
555 526 711 576 gemina
737 531 926 576 teguntur

541 591 711 627 Lumina
742 596 866 629 nocte.

169 653 317 700 Otium,
352 652 517 699 Catulle,
549 652 624 689 tibi
658 653 866 690 molestum
900 658 959 690 est
974 666 988 701 ς

169 716 261 754 Otio
289 717 462 753 exsultas
480 716 724 766 nimiumque
756 717 886 766 gestis.

168 780 305 817 Otium
338 784 378 817 et
408 793 516 830 reges
545 780 654 830 prius
685 784 725 817 et
757 781 890 818 beatas
1205 782 1252 820 15

541 844 722 882 Perdidit
752 846 879 883 urbes,

607 958 694 993 LII.

168 1038 272 1083 Quid
302 1043 373 1085 est,
410 1037 589 1075 Catulle‘l
626 1038 722 1087 quid
755 1039 919 1076 moraris
948 1040 1094 1078 emori‘l

166 1102 270 1139 Sella
302 1102 344 1139 in
377 1102 505 1139 curuli
537 1102 696 1139 Struma
730 1103 886 1140 Nonius
919 1105 1049 1142 sedet:

165 1167 242 1204 Per
274 1168 519 1204 consulatum
550 1168 720 1217 perjerat
749 1168 961 1207 Vatinius:

165 1231 270 1277 Quid
302 1236 373 1279 est,
409 1232 588 1269 Catulle?
626 1232 720 1281 quid
752 1233 916 1270 moraris
947 1234 1093 1271 emori?

594 1351 701 1385 LIII.

162 1430 251 1467 Risi
280 1431 409 1467 nescio
437 1443 553 1479 quem
582 1431 694 1468 modo
724 1445 744 1468 e
774 1445 926 1481 corona,

161 1495 249 1541 Qui,
286 1509 373 1532 cum
407 1495 570 1532 mirifice
604 1496 824 1533 Vatiniana

161 1559 276 1596 Meus
309 1559 472 1596 crimina
502 1559 647 1597 Calvus
680 1561 922 1610 explicasset,

161 1623 374 1660 Admirans
407 1624 464 1660 ait
496 1624 590 1661 haec
623 1637 839 1674 manusque
869 1626 1022 1675 tollens,

162 1690 171 1708 ‘
188 1687 256 1723 Dii
286 1688 428 1737 magni,
464 1689 701 1737 salaputium
734 1689 946 1728 disertum.'

609 1807 690 1842 LX.

158 1884 266 1921 Num
299 1889 338 1921 te
370 1885 506 1922 leaena
538 1886 737 1923 montibus
775 1887 996 1936 Libystinis

157 1949 245 1985 Aut
280 1949 409 1998 Scylla
439 1950 587 1986 latrans
625 1951 761 1987 infima
791 1952 998 2000 inguinum
1029 1957 1138 2002 parte

156 2013 250 2049 Tam
285 2018 414 2049 mente
450 2013 549 2050 dura
578 2015 798 2063 procreavit
830 2029 874 2052 ao
904 2021 1043 2064 taetra,

158 2077 218 2114 Ut
247 2078 431 2127 supplicis
464 2091 595 2115 vocem
625 2079 666 2115 in
698 2080 907 2116 novissimo
941 2095 1030 2118 casu

158 2142 431 2191 Contemptam
467 2142 655 2180 haberes?
693 2156 716 2179 a
754 2144 871 2181 nimis
901 2145 982 2182 fero
1010 2147 1145 2184 corde!
