1383 2365
458 120 562 159 OAT
572 121 761 160 ULLUS.
1159 123 1180 158 4
1188 123 1209 158 3

20 241 265 292 Plangebant
294 243 392 279 aliae
426 242 591 291 proceris
624 245 810 290 tympana
844 240 993 290 palmis,

19 307 105 344 Aut
137 306 254 344 tereti
286 311 422 344 tenues
454 307 623 343 tinnitus
655 319 742 343 aere
761 306 940 353 ciebant;

19 371 161 408 Multis
194 371 415 408 raucisonos
449 371 630 408 efflabant
662 384 806 407 cornua
836 371 994 407 bombos

19 435 268 485 Barbaraque
302 435 480 472 horribili
512 435 701 472 stridebat
734 435 832 471 tibia
864 439 990 472 cantu.
1131 433 1205 471 265

70 501 229 538 Talibus
262 501 453 550 amplifice
486 500 605 537 vestis
639 500 816 536 decorata
850 498 984 548 figuris

20 564 211 602 Pulvinar
242 566 444 615 complexa
471 577 540 602 suo
568 564 724 600 velabat
752 563 906 600 amictu.

20 629 128 675 Quae
159 634 365 679 postquam
398 629 536 678 cupide
568 628 777 677 spectando
809 627 991 664 Thessala
1024 626 1143 675 pubes

19 693 187 743 Expleta
219 698 288 739 est,
325 694 468 730 sanctis
501 693 628 742 coepit
661 693 841 729 decedere
879 691 991 728 divis.

19 757 110 801 Hic,
144 758 271 806 qualis
302 758 399 795 flatu
432 758 626 807 placidum
660 770 766 793 mare
798 756 993 792 matutino
1131 754 1206 793 270

19 821 262 859 Horrificans
295 822 498 871 Zephyrus
531 822 721 871 proclivas
754 821 894 857 incitat
927 820 1062 865 undas,

19 886 175 922 Aurora
207 887 416 933 exoriente,
453 886 543 935 vagi
576 887 646 922 sub
680 885 831 922 lumina
863 884 966 930 solis,

20 949 127 995 Quae
160 951 270 987 tarde
302 951 472 1000 primum
505 950 687 987 clementi
720 949 876 986 flamine
910 949 1043 998 pulsae

19 1014 241 1052 Procedunt
272 1016 487 1064 leviterque
516 1018 655 1052 sonant
688 1014 871 1063 plangore
903 1012 1093 1058 cachinni,

19 1080 114 1118 Post
139 1085 258 1117 vento
285 1085 478 1118 crescente
503 1080 626 1129 magis
652 1079 774 1128 magis
796 1079 1097 1127 increbrescunt,
1131 1077 1205 1115 275

19 1144 297 1195 Purpureaque
330 1145 464 1195 procul
497 1148 637 1182 nantes
670 1157 693 1180 a
725 1144 809 1180 luce
842 1143 1037 1191 refulgent
1050 1155 1062 1190 3

19 1210 81 1246 Sic
113 1215 199 1246 tum
231 1210 418 1246 vestibuli
449 1210 670 1258 linquentes
703 1208 807 1256 regia
840 1211 943 1244 tecta

18 1274 84 1310 Ad
119 1288 158 1311 se
191 1274 356 1323 quisque
389 1287 488 1322 vago
521 1273 663 1323 passim
697 1273 792 1322 pede
827 1272 1085 1309 discedebant.

20 1337 194 1382 Quorum
223 1342 311 1387 post
337 1339 487 1375 abitum
517 1338 693 1387 princeps
722 1350 743 1373 e
772 1337 916 1373 vertice
946 1335 1031 1373 Peli

19 1392 196 1439 Advenit
226 1402 371 1439 Chiron
402 1406 561 1451 portans
591 1401 785 1438 silvestria
817 1401 941 1438 dona:
1132 1400 1208 1437 280

19 1468 124 1505 Nam
175 1469 446 1518 quodcumque
497 1468 629 1504 ferunt
682 1468 817 1516 campi,
872 1480 968 1516 quos
1023 1466 1207 1503 Thessala

126 1534 276 1582 magnis

21 1598 225 1634 Montibus
255 1611 322 1633 ora
351 1601 466 1642 creat,
499 1609 594 1646 quos
625 1600 781 1646 propter
810 1595 983 1632 fluminis
1013 1595 1137 1632 undas

20 1662 132 1698 Aura
163 1662 267 1711 parit
299 1662 412 1698 fiores
441 1661 565 1710 tepidi
594 1660 760 1697 fecunda
792 1660 952 1705 Favoni,

21 1726 108 1763 Hos
136 1726 178 1762 in
208 1725 402 1762 distinctis
431 1725 566 1774 plexos
596 1724 690 1761 tulit
718 1724 801 1773 ipse
830 1723 992 1770 corollis,

21 1790 107 1835 Quo
137 1790 334 1839 permulsa
365 1790 501 1825 domus
526 1789 701 1838 jucundo
731 1788 820 1825 risit
850 1789 974 1824 odore.
1132 1787 1207 1825 285

21 1851 237 1892 Confestim
268 1852 420 1890 Peneus
451 1853 569 1898 adest,
604 1852 818 1889 viridantia
848 1852 1000 1901 Tempe,

22 1918 175 1967 Tempe,
208 1931 294 1966 quae
327 1918 448 1954 silvae
480 1917 643 1966 cingunt
676 1930 791 1966 super
819 1917 1098 1965 impendentes,

22 1983 209 2020 Minosim
240 1982 422 2031 linquens
451 1980 569 2018 Doris
600 1981 828 2018 celebranda
856 1980 1014 2026 choreis,

22 2047 113 2084 Non
147 2059 316 2092 vacuus,
345 2059 511 2094 namque
545 2046 610 2082 ille
643 2045 737 2082 tulit
769 2045 956 2081 radicitus
986 2045 1085 2081 altas

24 2110 146 2160 Fagos
175 2123 218 2147 ac
249 2114 353 2146 recto
383 2121 559 2159 proceras
589 2109 722 2158 stipite
752 2109 896 2154 laurus,
1132 2109 1209 2146 290
