1383 2365
119 90 165 128 [O
562 90 867 129 OATULLUS.

116 211 152 248 N
155 224 196 248 ec
229 224 269 248 se
303 210 483 247 sublevat
513 222 563 246 ex
596 223 665 247 sua
695 215 817 259 parte,
853 209 920 247 sed
953 209 1064 246 velut
1090 209 1206 247 alnus

115 276 162 311 In
195 275 299 312 fossa
332 274 470 323 Liguri
497 275 604 323 jacet
636 277 874 323 suppernata
907 274 1044 320 securi,

113 337 359 374 Tantundem
397 336 529 372 omnia
566 336 739 372 sentiens
776 348 894 385 quam
931 335 967 372 si
1003 335 1114 372 nulla
1158 335 1213 374 sit
1253 348 1311 373 us-

222 414 352 450 quam.
1263 399 1312 437 20

112 465 217 502 Talis
246 465 320 502 iste
349 477 457 502 meus
486 469 622 514 stupor
650 464 706 500 nil
736 464 854 510 videt,
884 464 984 500 nihil
1011 464 1135 511 audit,

114 531 203 580 Ipse
248 530 317 579 qui
363 529 427 575 sit,
475 533 609 566 utrum
658 529 710 566 sit
760 541 811 565 an
856 541 935 566 non
981 528 1045 576 sit,
1081 529 1121 566 id
1161 540 1314 578 quoque

219 594 354 631 nescit.

113 660 230 697 Nune
263 672 353 696 eum
386 658 476 695 volo
510 658 557 695 de
589 662 659 695 tuo
692 662 810 707 ponte
843 658 1000 695 mittere
1033 671 1211 707 pronum.

113 725 155 762 Si
185 729 276 775 pote
306 724 492 761 stolidum
522 727 682 772 repente
715 722 886 760 excitare
920 726 1137 768 veternum,

114 790 167 826 Et
243 789 429 838 supinum
506 788 682 824 animum
748 787 791 823 in
860 788 972 836 gravi
1045 787 1313 837 derelinquere

223 866 353 899 caeno,
900 886 903 889 Α
1263 853 1311 888 25

114 919 294 955 Feri-eam
328 921 374 954 ut
406 917 549 954 soleam
584 916 710 953 tenaci
744 917 786 952 in
824 916 1005 965 voragine
1040 917 1154 953 mula.

645 1036 779 1071 XXII.

114 1120 296 1156 Suffenus
325 1119 410 1165 iste,
446 1118 563 1163 Verre,
597 1130 712 1166 quem
743 1117 860 1166 probe
890 1118 1007 1163 nosti,

114 1184 247 1221 Homo
281 1188 340 1221 est
371 1187 560 1220 venustus
594 1186 633 1218 et
663 1181 777 1219 dicax
807 1186 847 1219 et
880 1183 1063 1229 urbanus,

114 1249 300 1298 Idemque
333 1249 445 1298 longe
478 1247 667 1297 plurimos
697 1246 792 1283 facit
822 1259 965 1283 versus.

113 1313 217 1350 Puto
248 1326 330 1350 esse
360 1326 430 1362 ego
464 1312 525 1349 illi
559 1311 668 1348 milia
699 1316 768 1348 aut
802 1311 932 1348 decem
966 1315 1035 1347 aut
1068 1311 1183 1360 plura

116 1378 350 1427 Perscripta,
385 1390 467 1423 nec,
505 1376 608 1413 sicut
641 1375 696 1422 fit,
731 1376 773 1412 in
804 1376 1056 1425 palimpsesto
1289 1377 1312 1414 5

113 1443 281 1480 Relata:
329 1446 457 1479 cartae
490 1441 629 1490 regiae,
663 1440 756 1477 novi
790 1440 892 1486 libri,

112 1507 220 1544 Novi
254 1506 442 1553 umbilici,
479 1506 561 1542 lora
594 1505 723 1550 rubra,
758 1505 1018 1551 membranae,

112 1572 280 1609 Derecta
311 1571 472 1621 plumbo
505 1574 545 1607 et
576 1570 730 1619 pumice
762 1569 893 1606 omnia
922 1573 1097 1618 aequata.

112 1636 224 1673 Haec
257 1649 346 1672 cum
380 1636 484 1685 legas
517 1639 574 1681 tu,
606 1634 731 1670 bellus
764 1634 831 1670 ille
864 1638 904 1670 et
936 1635 1109 1671 urbanus

112 1701 297 1737 Suffenus
328 1714 430 1737 unus
462 1699 726 1749 caprimulgus
759 1703 829 1735 aut
862 1698 985 1735 fossor
1266 1699 1311 1737 10

112 1766 265 1802 Rursus
298 1765 482 1802 videtur:
528 1768 685 1801 tantum
719 1763 901 1800 abhorret
933 1776 978 1800 ae
1010 1767 1148 1800 mutat„

112 1830 200 1867 Hoc
231 1830 326 1879 quid
355 1834 538 1879 putemus
571 1829 678 1865 esse'l
732 1828 801 1877 qui
833 1828 947 1865 modo
980 1840 1124 1874 scurra,

112 1896 198 1931 Aut
234 1895 268 1931 si
297 1894 393 1943 quid
423 1894 495 1930 hac
526 1906 568 1930 re
602 1893 748 1939 tritius,
780 1892 997 1939 videbatur,

112 1959 223 1995 Idem
257 1958 427 1996 infaceto
460 1962 519 1995 est
550 1957 757 1994 infacetior
790 1969 880 1993 rure

111 2023 236 2060 Simul
269 2026 449 2073 poemata
481 2017 629 2071 attigit,⁴
659 2034 784 2070 neque
808 2021 912 2057 idem
936 2033 1109 2070 unquam
1261 2019 1308 2057 15

114 2088 250 2138 Aeque
283 2092 341 2125 est
373 2088 511 2124 beatus
543 2100 587 2123 ac
617 2099 752 2134 poema
784 2098 872 2122 cum
902 2085 1063 2122 scribit:
