1383 2365
481 114 784 153 CATULLUS.
1214 115 1236 151 9

149 237 275 283 Quem
308 240 355 275 tu
387 236 534 274 scilicet
567 236 615 273 ad
647 240 761 273 tuum
796 236 995 273 Catullum

148 301 274 348 Misti,
305 302 490 340 continuo
517 305 564 337 ut
591 301 654 337 die
682 301 838 350 periret,

148 366 434 413 Saturnalibus,
465 366 612 415 optimo
641 366 803 403 dierum.
1193 366 1238 403 15

150 431 254 478 Non,
284 443 363 468 ncn
391 431 464 467 hoc
492 430 578 477 tibi,
611 430 721 477 salse,
752 430 806 467 sic
835 430 982 468 abibit:

149 495 266 542 Nam,
297 495 331 532 si
359 495 516 540 luxerit,
547 495 597 531 ad
625 494 874 532 librariorum

148 558 312 595 Curram
341 559 484 596 scrinia
497 572 508 605 3
547 558 712 605 Caesios,
742 559 935 608 Aquinos,

148 623 361 670 Suffenum,
392 623 524 660 omnia
551 623 729 672 colligam
759 636 920 669 venena,

149 688 211 725 Ac
238 692 279 725 te
307 688 368 725 his
396 687 598 737 suppliciis
626 688 913 725 remunerabor.
1191 689 1240 725 20
1266 700 1270 701 ⁷

148 752 233 790 Vos
260 752 352 789 hinc
379 752 530 789 interea
560 752 720 801 (valete)
750 752 856 788 abite

149 816 251 853 Illuc
279 816 384 853 unde
412 817 560 853 malum
587 816 724 866 pedem
753 816 955 863 attulistis,

149 881 273 918 Saecli
301 881 554 928 incommoda,
585 881 742 930 pessimi
771 885 915 930 poetae.

574 1000 704 1035 XVII.

43 1080 76 1118 O
105 1080 277 1126 Colonia,
313 1093 413 1130 quae
446 1080 555 1130 cupis
588 1085 707 1130 ponte
742 1081 873 1117 ludere
906 1093 1058 1130 magno,

42 1146 95 1183 Et
127 1146 241 1183 salire
274 1150 456 1195 paratum
476 1146 605 1193 habes,
644 1146 711 1182 sed
744 1145 889 1182 vereris
919 1146 1053 1195 inepta

43 1210 167 1248 Crura
199 1210 393 1260 ponticuli
426 1210 555 1247 axulis
588 1210 730 1247 stantis
768 1210 810 1246 in
845 1210 1044 1256 redivivis,

43 1274 105 1311 Ne
136 1274 299 1324 supinus
332 1278 396 1311 eat
421 1287 592 1323 cavaque
622 1275 664 1310 in
695 1274 836 1324 palude
873 1274 1085 1315 recumbat,

42 1339 106 1376 Sic
142 1339 217 1376 tibi
249 1340 374 1376 bonus
406 1352 455 1375 ex
488 1342 557 1375 tua
591 1352 689 1388 pons
722 1339 884 1376 libidine
917 1340 997 1386 fiat,
1216 1341 1237 1377 5

43 1404 92 1440 In
127 1416 204 1453 quo
235 1404 298 1440 vel
332 1403 561 1440 Salisubsali
595 1417 701 1440 sacra
735 1403 1022 1452 suscipiantur:

42 1467 190 1505 Munus
223 1468 294 1505 hoc
327 1468 424 1504 mihi
457 1468 620 1504 maximi
657 1468 716 1513 da,
753 1468 928 1513 Colonia,
961 1468 1072 1506 risus.

43 1532 255 1577 Quemdam
288 1533 523 1581 municipem
562 1545 692 1569 meum
730 1532 777 1569 de
814 1537 883 1569 tuo
916 1533 1005 1569 volo
1043 1537 1162 1582 ponte

43 1597 107 1634 Ire
139 1597 391 1646 praecipitem
421 1597 464 1633 in
497 1597 626 1633 lutum
653 1609 723 1646 per
750 1602 944 1646 caputque
980 1598 1184 1646 pedesque,

6 1670 11 1674 ⁴
42 1660 190 1698 Verum
222 1662 344 1699 totius
376 1665 423 1698 ut
453 1661 559 1698 lacus
592 1661 828 1711 putidaeque
860 1661 1014 1711 paludis
1192 1662 1239 1698 10

44 1725 295 1762 Lividissima
325 1725 571 1775 maximeque
604 1729 664 1762 est
696 1725 890 1774 profunda
923 1739 1076 1775 vorago.

44 1790 332 1827 Insulsissimus
365 1795 424 1827 est
460 1790 586 1835 homo,
622 1803 691 1826 nec
724 1790 827 1839 sapit
863 1790 975 1839 pueri
1008 1791 1133 1827 instar

45 1855 194 1891 Bimuli
225 1855 394 1891 tremula
424 1855 545 1904 patris
579 1854 808 1891 dormientis
841 1855 883 1891 in
904 1855 1024 1902 ulna3

45 1918 119 1955 Cui
150 1932 239 1956 cum
271 1920 324 1956 sit
356 1919 594 1956 viridissimo
626 1923 750 1968 nupta
782 1919 875 1956 flore
907 1919 1048 1969 puella,

47 1984 115 2033 (Et
144 1984 273 2032 puella
307 1983 493 2021 tenellulo
527 1984 729 2020 delicatior
760 1983 882 2030 haedo,
1191 1985 1237 2022 15

46 2047 298 2084 Asservanda
336 2048 557 2097 nigerrimis
591 2048 819 2097 diligentius
849 2048 954 2099 uvis)

46 2111 197 2149 Ludere
230 2112 328 2149 hanc
362 2112 457 2149 sinit
489 2117 534 2148 ut
567 2113 673 2159 libet,
714 2126 783 2149 nec
821 2113 892 2162 pili
922 2114 1017 2150 facit
1048 2113 1128 2159 uni,
