1383 2365
155 104 201 139 44
600 98 903 144 CATULLUS.

154 225 245 262 Non
277 224 359 263 sine
390 226 550 262 nutanti
581 226 740 274 platano
774 226 956 275 lentaque
986 241 1116 266 sorore

156 290 364 327 Flammati
396 290 659 327 Phaethontis
691 295 730 327 et
760 304 871 328 aerea
908 305 1104 341 cupressu.

153 354 262 390 Haec
294 354 438 391 circum
472 355 580 391 sedes
610 355 688 391 late
719 359 904 392 contexta
934 356 1088 402 locavit,

152 418 408 456 Vestibulum
439 423 485 455 ut
515 419 625 455 molli
657 419 833 456 velatum
864 420 1000 457 fronde
1031 421 1184 459 vireret.

154 483 248 519 Post
266 483 371 520 hunc
391 484 642 532 consequitur
661 484 809 520 sollerti
828 485 942 521 corde
962 484 1226 532 Prometheus,
1271 486 1346 526 295

152 546 376 584 Extenuata
404 560 540 597 gerens
569 548 714 584 veteris
742 548 908 597 vestigia
941 562 1096 598 poenae,

152 612 279 657 Quam
310 612 507 661 quondam
538 612 638 649 silici
669 612 873 649 restrictus
903 615 1077 651 membra
1107 619 1241 652 catena

152 676 347 714 Persolvit
378 677 551 726 pendens
581 690 601 713 e
631 677 844 714 verticibus
874 679 1104 728 praeruptis.

154 741 250 777 Inde
282 745 392 790 pater
424 741 561 777 divum
592 746 726 778 sancta
759 755 845 778 cum
877 743 1039 791 conjuge
1069 743 1249 793 natisque

151 806 331 842 Advenit
365 806 480 852 caelo,
516 811 555 842 te
586 805 723 852 solum,
759 805 926 852 Phoebe,
959 807 1183 856 relinquens
1270 809 1346 845 300

154 870 455 919 Unigenamque
486 870 603 907 simul
637 870 838 907 cultricem
868 871 1068 908 montibus
1099 872 1209 910 Idri:

152 934 268 971 Pelea
296 948 387 971 nam
421 939 551 971 tecum
581 935 729 984 pariter
759 948 867 971 soror
895 940 1103 985 aspernata
1131 941 1200 982 est,

151 999 234 1036 Nec
265 999 442 1036 Thetidis
476 999 608 1036 taedas
641 999 769 1036 voluit
801 999 994 1036 celebrare
1021 1001 1183 1049 jugales.

204 1064 282 1109 Qui
314 1068 520 1114 postquam
555 1064 682 1101 niveis
715 1065 912 1101 flexerunt
943 1065 1099 1101 sedibus
1132 1070 1250 1112 artus,

151 1129 273 1178 Large
306 1128 516 1178 multiplici
548 1133 793 1166 constructae
824 1132 917 1165 sunt
945 1129 1043 1178 dape
1072 1143 1238 1176 mensae,
1270 1131 1343 1168 305

152 1193 252 1229 Cum
280 1193 431 1230 interea
459 1193 615 1230 infirmo
644 1194 866 1242 quatientes
895 1206 1054 1243 corpora
1081 1199 1190 1232 motu

150 1257 351 1295 Veridicos
386 1258 530 1295 Parcae
566 1263 777 1307 coeperunt
810 1259 922 1295 edere
955 1263 1103 1296 cantus.

150 1323 227 1360 His
260 1336 397 1372 corpus
431 1323 644 1360 tremulum
679 1323 938 1372 complectens
973 1324 1146 1373 undique
1180 1325 1301 1362 vestis

149 1387 323 1424 Candida
356 1400 553 1436 purpurea
586 1387 686 1424 talos
718 1387 940 1423 incinxerat
972 1401 1049 1434 ora,

152 1454 209 1488 At
241 1465 350 1489 roseo
385 1452 523 1489 niveae
557 1452 781 1489 residebant
813 1453 958 1489 vertice
992 1453 1129 1499 vittae,
1267 1455 1344 1491 310

149 1518 444 1565 Aeternumque
478 1530 617 1553 manus
649 1517 860 1565 carpebant
894 1517 968 1553 rite
1001 1517 1182 1555 laborem.

149 1582 277 1618 Laeva
308 1582 436 1618 colum
469 1581 578 1618 molli
611 1582 701 1618 lana
735 1581 929 1617 retinebat
961 1582 1159 1629 amictum,

147 1647 323 1683 Dextera
357 1651 443 1682 tum
477 1646 618 1683 leviter
651 1646 844 1682 deducens
877 1645 943 1681 fila
980 1646 1130 1695 supinis

147 1711 357 1748 Formabat
393 1711 539 1760 digitis,
574 1715 660 1747 tum
697 1723 819 1760 prono
852 1710 894 1746 in
928 1710 1067 1759 pollice
1100 1715 1287 1760 torquens

149 1776 352 1812 Libratum
386 1775 502 1812 tereti
536 1776 717 1812 versabat
751 1775 909 1811 turbine
942 1775 1098 1821 fusum3
1263 1776 1337 1812 315

147 1841 280 1889 Atque
314 1840 370 1876 ita
403 1840 613 1888 decerpens
646 1840 839 1888 aequabat
873 1852 1024 1888 semper
1056 1852 1153 1888 opus
1187 1839 1293 1886 dens,

148 1904 350 1954 Laneaque
384 1904 547 1941 aridulis
580 1905 792 1941 haerebant
827 1917 954 1940 morsa
988 1904 1139 1941 labellis

147 1970 253 2014 Quae
286 1969 394 2018 prius
428 1969 470 2005 in
504 1969 582 2006 levi
612 1970 769 2005 fuerant
795 1968 992 2004 exstantia
1020 1968 1098 2007 filo.

148 2035 251 2071 Ante
284 2034 401 2083 pedes
434 2038 565 2070 autem
596 2033 798 2070 candentis
831 2032 964 2068 mollia
997 2032 1109 2069 lanae

152 2099 305 2136 Vellera
336 2098 482 2148 virgati
515 2099 763 2135 custodibant
801 2096 1012 2134 calathisci.
1261 2097 1337 2135 320
