1383 2365
139 105 188 142 28
578 105 882 143 OATULLUS.

134 229 350 276 Expectata
379 227 446 263 diu
477 227 544 262 vix
567 227 725 263 tandem
752 227 903 263 lumina
931 227 1046 264 tollit.

134 292 300 341 Surgere
333 291 416 340 jam
451 295 616 340 tenipus,
638 292 719 340 jam
751 291 914 340 pingues
946 291 1122 340 linquere
1151 304 1326 339 mensas,

132 356 225 393 Jam
252 356 384 393 veniet
413 356 535 405 virgo,
565 356 648 404 jam
679 355 830 392 dicetur
864 356 1127 405 Hymenaeus.

134 421 295 470 Hymen
328 434 350 457 0
382 420 624 469 Hymenaee,
660 421 822 470 Hymen
855 421 946 457 ades
975 434 996 458 o
1028 421 1268 470 Hymenaee.
1303 421 1326 458 5

650 519 812 556 Puellae.

135 594 314 640 Oernitis‚
347 594 548 643 innuptae,
575 595 770 644 juvenes?
826 595 1056 644 Consurgite
1094 600 1255 633 contra:

135 659 335 696 Nimirum
366 659 531 696 Oetaeos
564 660 736 696 ostendit
764 659 930 697 noctifer
963 660 1083 709 ignes.

134 724 196 761 Sic
229 729 331 761 certe
365 729 448 761 est:
492 724 611 761 viden
644 729 689 761 ut
724 725 933 773 perniciter
966 725 1184 762 exsiluere‘l

135 789 227 825 Non
259 793 404 825 temere
437 788 640 835 exsiluere,
676 794 818 826 canent
851 789 954 838 quod
988 789 1112 826 visere
1149 802 1219 838 par
1256 792 1325 827 est.

136 855 297 903 Hymen
325 867 348 891 ο
377 854 617 902 Hymenaee,
650 854 811 903 Hymen
835 854 926 891 ades
953 867 977 892 o
1005 854 1244 902 Hymenaee.
1279 855 1327 893 10

642 951 676 987 J
673 965 816 989 avene-3.

135 1028 228 1065 Non
256 1027 380 1064 facilis
412 1027 535 1072 nobis,
570 1027 759 1076 aequales,
794 1029 923 1076 palma
955 1032 1091 1077 parata
1123 1033 1206 1065 est:

134 1093 323 1142 Aspicite,
363 1093 552 1141 innuptae
586 1105 715 1129 secum
746 1097 792 1129 ut
829 1093 1017 1130 meditata
1054 1094 1270 1143 requirunt.

135 1159 228 1195 Non
269 1158 415 1194 frustra
456 1157 708 1203 meditantur,
752 1157 898 1195 habent
939 1159 1188 1196 memorabile
1224 1158 1325 1208 quod

241 1223 304 1269 sit,

135 1288 218 1325 Nec
251 1288 405 1333 mirum,
438 1287 595 1336 penitus
626 1299 725 1336 quae
757 1291 841 1324 tota
878 1293 1007 1325 mente
1044 1289 1231 1326 laborant.

135 1353 220 1389 Nos
249 1353 326 1389 alio
359 1356 520 1398 mentes,
555 1352 631 1388 alio
665 1352 871 1389 divisimus
904 1366 1042 1400 aures;
1279 1353 1326 1391 15

134 1416 232 1455 Jure
264 1417 385 1466 igitur
418 1417 642 1453 vincemur:
690 1421 796 1453 amat
825 1415 988 1454 victoria
1018 1431 1159 1456 curam.

135 1484 264 1528 Quare
297 1496 401 1519 nunc
432 1482 582 1519 animos
615 1482 753 1518 saltem
787 1483 1020 1519 committite
1054 1488 1204 1520 vestros
1219 1496 1230 1530 3

135 1548 273 1584 Dicere
299 1548 382 1596 jam
412 1547 611 1596 incipient,
639 1547 722 1596 jam
757 1548 988 1596 respondere
1021 1548 1180 1584 decebit.

135 1613 296 1661 Hymen
327 1626 349 1648 o
382 1612 622 1660 Hymenaee,
655 1611 817 1660 Hymen
851 1612 941 1649 ades
975 1625 997 1649 o
1032 1612 1271 1661 Hymenaee.

651 1706 819 1743 Puellae.

136 1784 321 1832 Hespere‚
355 1782 423 1831 qui
453 1782 557 1819 caelo
590 1782 716 1818 fertur
743 1782 935 1818 crudelior
967 1783 1094 1832 ignis?
1278 1783 1327 1821 20

136 1848 214 1894 Qui
244 1852 377 1884 natam
411 1847 533 1896 possis
566 1846 770 1895 complexu
804 1847 969 1884 avellere
1003 1848 1148 1894 matris,

136 1912 352 1962 Complexu
383 1912 521 1948 matris
554 1911 787 1947 retinentem
818 1911 985 1948 avellere
1022 1916 1167 1958 natam,

136 1978 189 2014 Et
214 1977 353 2027 juveni
385 1976 538 2012 ardenti
572 1980 717 2012 castam
748 1975 890 2012 donare
921 1976 1098 2024 puellam.

135 2041 238 2089 Quid
271 2041 422 2078 faciunt
454 2041 584 2077 hostes
616 2047 728 2090 capta
761 2041 954 2077 crudelius
984 2042 1106 2078 urbe?

135 2106 296 2156 Hymen
324 2120 346 2143 o
376 2106 616 2154 Hymenaee,
645 2105 807 2153 Hymen
830 2106 920 2142 ades
949 2118 970 2141 ο
997 2105 1235 2153 Hymenaee.
1278 2107 1324 2144 25
