1383 2365
121 105 168 141 52
571 109 876 151 OATULLUS.

122 225 196 262 Sed
230 226 361 275 magis,
398 239 420 264 ο
453 232 609 277 nuptae,
646 241 798 279 semper
831 231 1037 269 concordia
1075 237 1224 272 vestras

175 290 334 340 Semper
366 304 474 328 amor
506 293 614 330 sedes
647 294 793 331 accolat
831 295 1023 334 assiduus.

120 354 179 390 Tu
212 367 314 401 vero,
350 356 492 405 regina,
529 361 642 394 buens
674 371 763 395 cum
795 359 922 396 sidera
955 360 1089 398 divam

176 419 352 456 Placabis
385 420 496 457 festis
529 421 745 459 luminibus
778 423 986 471 Venerem,
1270 426 1320 464 90

122 484 333 533 Sanguinis
363 489 564 534 expertem
597 499 676 523 non
703 489 844 525 vestris
872 502 953 526 esse
981 494 1095 526 tuum
1123 504 1212 540 me3

175 548 250 584 Sed
283 549 414 598 potius
447 549 566 599 largis
599 551 704 588 effice
739 552 969 590 muneribus

122 612 256 650 Sidera
288 626 357 650 cur
388 614 560 652 iterent:
591 616 765 652 ‘utinam
799 630 909 653 coma
942 618 1047 666 regia
1080 620 1183 666 fiam,

175 678 385 715 Proximus
419 678 650 728 Hydrochoi
683 680 851 730 fulgeret
884 681 1053 720 Oarion!

615 793 749 827 LXVI
756 794 835 829 IIA.

122 884 235 930 Quod
269 884 370 921 mihi
400 884 560 921 fortuna
591 897 761 934 casuque
794 898 999 935 oppressus
1033 888 1171 925 acerbo

176 949 449 998 Conscriptum
484 948 556 985 hoc
589 949 759 986 lacrimis
792 951 919 987 mitris
957 952 1195 1001 epistolium,

122 1013 368 1063 Naufragum
401 1017 446 1049 ut
480 1014 647 1062 ejectum
680 1016 955 1063 spumantibus
993 1017 1171 1066 aequoris
1206 1019 1321 1057 undis

175 1079 384 1115 Sublevem
417 1082 457 1115 et
490 1092 512 1114 a
545 1078 682 1115 morbis
716 1079 851 1116 limine
884 1080 1158 1129 restituam,—

124 1147 131 1163 ‘
150 1144 273 1188 Quem
288 1155 414 1192 neque
442 1147 577 1179 sancba
596 1142 735 1180 Venus
754 1144 864 1180 molli
882 1157 1121 1194 requlescere
1140 1160 1276 1185 somno
1298 1149 1320 1185 5

175 1208 385 1245 Desertum
420 1207 461 1243 in
495 1207 595 1244 lecto
635 1208 779 1245 caelibe
812 1210 1055 1258 perpebitur3

123 1273 206 1310 Nec
235 1277 413 1310 veterum
447 1272 551 1309 dulci
585 1272 821 1321 scriptorum
855 1274 1025 1311 carmine
1061 1275 1199 1313 Musae

176 1336 395 1383 oblectant,
428 1350 517 1373 cum
551 1350 659 1373 mens
693 1337 812 1373 anxia
844 1339 1133 1387 pe1·vigilat‚'—-

123 1402 169 1439 Id
196 1406 351 1451 gratum
381 1406 440 1438 est
468 1401 576 1448 mihi,
608 1415 667 1438 me
696 1402 882 1450 quoniam
910 1403 984 1440 tibi
1013 1404 1109 1441 dicis
1137 1406 1316 1453 amicum,

175 1466 421 1515 Muneraque
447 1470 487 1502 et
513 1465 719 1502 Musarum
748 1466 838 1502 hinc
867 1467 968 1515 petis
999 1473 1039 1504 et
1065 1468 1250 1508 Veneris:
1273 1471 1320 1508 10

124 1532 198 1569 Sed
230 1532 305 1568 tibi
337 1544 386 1568 ne
420 1544 505 1567 mea
538 1531 617 1567 sint]
646 1531 780 1580 ignota
813 1531 1072 1579 incommoda,
1109 1532 1247 1579 Manli,

176 1596 267 1633 Neu
301 1609 362 1632 me
395 1595 521 1632 odisse
553 1599 667 1644 putes
698 1595 863 1645 hospibis
896 1597 1075 1645 officium,

124 1661 269 1710 Accipe
299 1660 408 1709 queis
441 1672 585 1696 merser
617 1659 799 1696 forbunae
832 1661 1018 1698 fluetibus
1051 1662 1134 1711 ipse

176 1726 239 1763 Ne
272 1725 440 1774 amplius
473 1738 496 1760 a
528 1724 668 1761 misero
702 1724 803 1761 dona
837 1725 950 1762 beata
982 1732 1101 1775 petas.

123 1792 308 1840 Tempore
337 1803 413 1838 quo
442 1789 611 1838 primum
631 1789 752 1825 vestis
772 1788 868 1826 mihi
890 1791 1036 1827 tradita
1057 1805 1154 1840 pura
1175 1798 1244 1840 est),
1272 1794 1317 1831 15

175 1855 203 1892 J
206 1854 403 1891 ucundum
438 1867 527 1890 cum
557 1858 665 1889 aetas
699 1853 836 1890 florida
869 1867 938 1890 ver
970 1860 1110 1904 ageret,

124 1921 256 1958 Multa
288 1920 383 1957 satis
417 1919 518 1956 lusi:
552 1932 632 1955 nou
662 1924 722 1956 est
756 1919 827 1956 dea
863 1920 992 1957 nescia
1024 1922 1148 1958 nostri

179 1986 287 2031 Quae
319 1985 471 2021 dulcem
504 1983 606 2020 curis
641 1983 778 2020 miscet,
812 1985 1041 2022 amaritiem.

125 2051 200 2088 Sed
233 2054 360 2086 totum
393 2049 464 2086 hoc
497 2049 670 2085 studium
706 2049 815 2086 luctu
850 2049 1022 2086 fraterna
1053 2052 1149 2088 mihi
1185 2066 1288 2091 mors

176 2113 365 2153 Abstulit.
427 2112 460 2150 O
495 2113 635 2149 misero
669 2113 790 2149 frater
823 2114 1002 2163 adempte
1037 2116 1144 2162 mihi,
1268 2119 1317 2155 20
