1383 2365
482 103 786 142 oATULLUS.

568 332 709 366 XLIV.

153 407 184 444 O
216 408 335 444 funde
363 412 494 444 noster
520 420 587 443 seu
617 406 758 443 Sabine
787 420 854 443 seu
882 406 1075 443 Tiburs—

1184 106 1228 140 17

151 473 255 509 Nam
275 476 313 509 te
333 485 413 508 esse
433 471 635 507 Tiburtem
663 475 871 507 autumant
900 471 1041 519 quibus
1070 483 1148 506 non
1178 477 1233 506 est

151 536 268 573 Cordi
307 536 507 572 Catullum
535 535 697 582 laedere,
728 539 770 572 at
798 535 939 584 quibus
968 534 1074 571 cordi
1101 537 1172 580 est,

151 601 300 646 Quovis
328 600 516 638 Sabinum
545 600 705 649 pignore
734 612 815 636 esse
843 599 1138 636 contendunt——

151 664 226 702 Sed
254 678 321 702 seu
351 664 492 701 Sabine
520 664 602 701 sive
631 664 762 701 verius
790 664 941 710 Tiburs,

150 729 226 766 Fui
254 729 420 766 libenter
447 728 489 764 in
518 733 587 765 tua
616 728 840 765 suburbana

150 794 269 840 Villa,
300 792 518 842 malamque
546 796 700 842 pectore
729 792 864 842 expuli
895 792 1047 839 tussim,

150 858 243 895 Non
270 857 493 894 immerenti
521 870 638 906 quam
666 856 764 893 mihi
792 869 901 893 meus
928 861 1075 903 venter,

149 922 256 959 Dum
284 925 530 970 sumptuosas
558 925 708 970 appeto,
739 920 856 967 dedit,
891 933 1013 958 cenas,

150 984 251 1024 'Nam
282 986 482 1024 Sestianus
510 985 604 1021 dum
632 985 720 1022 volo
748 998 830 1022 esse
857 985 1033 1032 conviva,

150 1049 377 1088 Orationem
406 1050 447 1086 in
475 1050 644 1086 Antium
674 1050 880 1099 petitorem

151 1114 314 1151 Plenam
341 1114 483 1151 veneni
511 1118 550 1151 et
578 1114 823 1163 pestilentiae
849 1113 935 1163 legi.

150 1178 230 1216 Hic
253 1191 314 1215 me
339 1178 507 1227 gravedo
532 1178 674 1227 frigida
700 1182 739 1214 et
764 1179 945 1228 frequens
973 1179 1091 1216 tussis

151 1243 361 1289 Quassavit
397 1255 520 1291 usque
544 1243 637 1279 dum
665 1242 707 1279 in
735 1246 848 1279 tuum
872 1243 1001 1280 sinum
1029 1243 1123 1293 fugi,

152 1308 203 1345 Et
230 1321 290 1344 me
319 1307 497 1344 recuravi
525 1306 682 1355 otioque
710 1311 749 1343 et
778 1306 911 1345 urtica.

150 1371 280 1418 Quare
307 1372 473 1409 resectus
502 1371 692 1408 maximas
719 1371 794 1407 tibi
821 1376 949 1420 grates

150 1436 249 1485 Ago,
281 1448 410 1472 meum
440 1436 544 1484 quod
572 1448 650 1472 non
681 1449 720 1472 es
749 1436 833 1472 ulta
862 1440 1072 1485 peceatum.

151 1501 234 1537 Nee
263 1501 444 1549 deprecor
465 1500 559 1549 jam,
591 1499 623 1536 si
651 1500 799 1536 nefaria
827 1500 970 1549 scripta

152 1564 254 1602 Sesti
275 1577 441 1614 reeepso,
469 1565 564 1614 quin
588 1564 837 1614 gravedinem
865 1569 905 1602 et
934 1565 1072 1602 tussim

150 1627 244 1663 Non
269 1626 335 1672 mi,
362 1626 428 1663 sed
453 1626 529 1675 ipsi
555 1626 680 1663 Sestio
708 1627 809 1663 ferat
837 1627 971 1676 frigus,

151 1689 229 1736 Qui
255 1694 342 1727 tum
367 1694 480 1726 vocat
502 1704 563 1727 me
587 1704 675 1728 cum
704 1691 850 1728 malum
877 1691 1021 1728 librum
1048 1692 1133 1742 legi.

1211 664 1231 697 5

1188 987 1233 1022 10

1187 1309 1232 1344 15

1186 1627 1235 1664 20
