1383 2365
494 102 797 141 OATULLUS.
1197 105 1239 142 31

56 222 269 272 Phrygium
302 226 347 258 ut
376 235 513 259 nemus
542 222 661 259 citato
690 222 827 272 cupide
857 224 952 272 pede
983 223 1125 273 tetigit,

55 287 246 335 Adiitque
276 299 393 335 opaca
421 286 530 323 silvis
558 286 739 323 redimita
767 287 849 324 loca
879 288 983 334 deae,

56 351 289 388 Stimulatus
315 349 372 387 ibi
400 349 548 387 furenti
575 351 693 398 rabie,
725 364 848 401 vagus
881 351 1033 399 animis,

55 415 244 452 Devolvit
273 415 317 451 ili
345 418 458 452 acuto
486 414 561 451 sibi
593 416 763 464 pondera
795 416 910 453 silice.
1223 418 1244 453 5

55 480 196 528 Itaque
224 483 269 515 ut
297 479 431 516 relicta
458 479 580 516 sensit
603 479 678 516 sibi
707 480 880 516 membra
908 480 991 517 sine
1023 480 1116 528 viro,

56 544 187 581 Etiam
216 548 369 580 recente
397 548 523 581 terrae
551 544 632 581 sola
660 544 848 593 sanguine
876 545 1086 592 maculans,

56 608 195 645 Niveis
223 608 342 645 citata
370 608 472 657 cepit
500 608 679 645 manibus
707 609 792 645 leve
830 613 1033 658 typanum‚

55 673 272 722 Typanum,
302 673 437 709 tubam
467 672 655 721 Cybelles,
687 677 766 719 tua,
798 678 932 720 mater,
963 674 1089 721 initia,

56 737 321 786 Quatiensque
349 740 458 785 terga
485 737 591 773 tauri
619 737 762 774 teneris
790 750 884 773 cava
914 738 1059 787 digitis,
1200 740 1247 776 10

56 802 202 839 Canere
228 801 321 838 haec
343 801 423 838 suis
451 801 588 838 adorta
610 806 669 838 est
692 803 948 839 tremebunda
975 803 1192 842 comitibus,

58 866 211 915 ‘Agite,
236 866 291 902 ite
316 866 365 902 ad
388 866 477 911 alta,
511 864 660 912 Gallae,
692 866 855 915 Cybeles
878 880 1036 904 nemora
1065 869 1211 917 procul,

57 930 181 967 Simul
210 930 274 976 ite,
301 930 573 978 Dindymenae
599 930 778 968 dominae
801 944 900 980 vaga
925 944 1072 981 pecora,

60 996 200 1033 Aliena
228 1008 326 1044 quae
357 1000 533 1044 petentes
564 997 674 1033 velut
701 997 855 1034 exsules
884 998 976 1045 loca,

56 1061 208 1098 Sectam
233 1073 359 1096 meam
388 1065 602 1106 exsecutae,
633 1061 729 1097 duce
757 1068 818 1098 'me
848 1062 944 1098 mihi
972 1063 1145 1109 comites,
1201 1063 1246 1100 15

56 1125 254 1175 Rapidum
287 1124 412 1161 salum
442 1123 590 1161 tulistis
619 1124 916 1174 truculentaque
938 1126 1075 1176 pelagi,

58 1191 110 1228 Et
141 1202 279 1239 corpus
309 1189 489 1226 evirastis
518 1188 686 1226 Veneris
720 1189 842 1226 nimio
874 1190 982 1238 odio,

57 1255 239 1292 Hilarate
269 1267 355 1291 aere
386 1254 516 1290 citatis
549 1253 745 1291 erroribus
775 1255 960 1292 animum.

58 1320 171 1357 Mora
198 1319 311 1356 tarda
340 1322 470 1354 mente
501 1319 612 1355 cedat
619 1333 629 1365 3
667 1319 783 1354 simul
814 1319 879 1366 ite,
915 1321 1124 1369 sequimini

58 1383 269 1432 Phrygiam
307 1383 356 1419 ad
392 1383 547 1419 domum
589 1381 778 1430 Cybelles,
810 1383 983 1433 Phrygia
1015 1386 1064 1422 ad
1092 1399 1249 1423 nemora

163 1448 266 1493 deae,
1198 1452 1247 1488 20

59 1511 141 1549 Ubi
171 1511 392 1559 cymbalum
423 1515 535 1547 sonat
570 1524 658 1558 vox,
692 1512 761 1548 ubi
795 1516 983 1562 tympana
1010 1514 1183 1562 reboant,

56 1575 214 1612 Tibicen
244 1575 312 1612 ubi
344 1575 450 1611 canit
483 1574 620 1624 Phryx
649 1589 768 1613 curvo
798 1590 916 1625 grave
946 1578 1103 1626 calamo,

39 1640 140 1678 -Ubi
173 1640 302 1689 capita
332 1638 546 1676 Maenades
576 1639 617 1675 vi
643 1640 797 1689 jaciunt
822 1641 1076 1689 hederigerac,

57 1704 141 1742 Ubi
173 1717 280 1741 saera
313 1708 447 1741 sancta
480 1704 605 1741 acutis
635 1704 852 1741 ululatibus
881 1706 1043 1754 agitant,

57 1769 141 1806 Ubi
174 1768 303 1805 suevit
338 1768 406 1804 illa
436 1768 549 1805 divae
583 1769 747 1805 volitare
778 1783 877 1818 vaga
910 1770 1055 1818 cohors,
1199 1773 1247 1810 25

58 1833 144 1878 Quo
176 1846 246 1870 nos
279 1833 389 1870 decet
421 1833 552 1869 citatis
586 1833 751 1870 celerare
782 1834 990 1883 tripudiis.'

57 1896 183 1935 Simul
213 1897 304 1934 haec
337 1897 543 1934 comitibus
573 1897 684 1934 Attis
716 1898 865 1944 cecinit,
896 1899 1018 1935 notha
1044 1901 1194 1949 mulier,

56 1962 219 1998 Thiasus
251 1965 409 2010 repente
437 1961 581 2010 linguis
614 1962 900 2010 trepidantibus
930 1963 1068 2012 ululat,

57 2025 160 2063 Leve
185 2030 417 2075 tympanum
444 2026 623 2074 remugit,
652 2039 747 2063 cava
774 2027 950 2075 cymbala
982 2035 1194 2079 recrepant,

58 2091 236 2128 Viridem
263 2091 364 2128 citus
391 2090 474 2128 adit
503 2090 616 2127 Idam
646 2096 879 2141 properante
905 2093 1000 2143 pede
1027 2094 1177 2133 chorus.
1199 2097 1248 2135 30
