1383 2365
113 97 162 135 18

557 86 862 128 GATULLUS.

651 294 771 329 XLV.

231 376 382 413 Acmen
408 374 633 424 Septimius,
662 387 753 412 suos
781 387 942 421 amores,

228 440 379 477 Tenens
402 439 444 475 in
471 439 618 488 gremio
649 438 765 475 ‘mea’
792 439 924 489 inquit
952 439 1111 485 ‘Acme,

229 503 287 541 Ni
315 508 354 541 te
379 504 529 553 perdite
555 517 641 540 amo
667 508 785 552 atque
810 516 940 540 amare
963 516 1079 552 porro

231 568 376 605 Omnes
399 581 484 606 sum
513 568 665 605 assidue
694 572 854 617 paratus
880 581 1003 604 annos

231 633 433 678 Quantum
461 633 531 682 qui
559 637 649 682 pote
672 632 886 682 plurimum
915 633 1051 683 perire,

231 698 344 735 Solus
367 697 410 734 in
433 697 561 746 Libya
589 697 782 746 Indiaque
811 702 914 735 tosta

232 762 368 799 Caesio
395 762 552 799 veniam
580 762 720 799 obvius
749 761 877 799 leoni.'

232 827 321 864 Hoc
348 831 395 863 ut
423 827 536 873 dixit,
567 827 695 864 Amor
724 826 894 873 sinistra,
925 830 971 863 ut
997 830 1100 874 anto,

231 892 424 929 Dextram
452 892 625 928 sternuit
652 892 983 941 approbationem.

230 957 289 993 At
318 957 447 993 Acme
476 956 617 993 leviter
646 960 765 1005 caput
792 957 994 994 reflectens

230 1022 283 1058 Et
309 1021 434 1058 dulcis
461 1021 572 1070 pueri
600 1021 726 1058 ebrios
753 1021 893 1058 ocellos

230 1085 306 1122 Illo
334 1098 531 1135 purpureo
560 1097 625 1121 ore
657 1085 818 1130 saviata,

232 1149 338 1187 ‘Sic’
368 1149 500 1198 inquit
524 1153 632 1186 ‘mea
660 1149 754 1196 vita,
787 1149 1016 1198 Septimille,

231 1215 340 1252 Huic
369 1215 439 1251 uni
469 1214 627 1252 domino
656 1227 778 1263 usque
807 1214 1034 1263 serviamus,

232 1279 291 1317 Ut
320 1279 447 1316 multo
474 1278 572 1315 mihi
601 1279 725 1327 major
753 1278 953 1327 acriorque

232 1344 341 1393 Ignis
370 1343 553 1380 mollibus
581 1343 692 1380 ardet
720 1342 762 1379 in
792 1343 997 1381 medullis.'

230 1407 315 1446 Hoc
348 1412 394 1444 ut
427 1407 539 1453 dixit,
577 1407 704 1444 Amor
737 1407 903 1453 sinistra,
939 1412 985 1444 ut
1016 1412 1108 1445 ante

231 1473 423 1509 Dextram
451 1472 622 1509 sternuit
650 1472 979 1521 approbationem.

231 1537 350 1575 Nunc
378 1537 426 1573 ab
456 1536 627 1585 auspicio
657 1537 758 1572 bono
786 1536 951 1585 profecti

231 1601 385 1638 Mutuis
414 1601 554 1637 animis
583 1605 716 1637 amant
750 1605 943 1639 amantur.

232 1667 367 1704 Unam
397 1665 610 1714 Septimius
639 1666 814 1702 misellus
840 1667 994 1703 Acmen

229 1730 388 1768 Mavult
415 1744 532 1779 quam
563 1730 696 1779 Syrias
725 1730 1029 1780 B1·itanniasque
1044 1742 1058 1779 3

230 1796 324 1833 Uno
353 1795 394 1831 in
424 1795 613 1844 Septimio
643 1795 768 1831 fidelis
796 1796 923 1831 Acme

231 1860 341 1897 Facit
370 1859 525 1896 delicias
554 1859 822 1908 libidinesque.

230 1925 328 1970 Quis
356 1924 457 1961 ullos
486 1924 662 1961 homines
692 1924 883 1961 beatiores

228 1988 356 2036 Vidit,
378 1988 465 2038 quis
495 1988 693 2025 Venerem
721 1988 1053 2040 auspicatiorem'l

1272 955 1319 995 10

1273 1278 1319 1316 15

1272 1602 1320 1639 20

1270 1925 1319 1962 25
