1383 2365
484 111 788 153 GATULLUS.
1194 104 1236 141 15

156 234 269 272 Pleni
298 233 399 269 ruris
427 236 467 269 et
494 231 753 268 inficetiarum

155 297 331 334 Annales
360 296 511 343 Volusi,
542 299 672 333 cacata
700 297 817 331 carta„
1187 290 1238 328 20

525 413 762 447 XXXVIII.

155 495 262 532 Male
291 498 360 542 est,
392 492 586 540 Cornifici,
618 497 686 530 tuo
715 490 882 536 Catullo,

155 559 262 597 Male
291 562 360 604 est,
390 571 452 594 me
480 557 646 604 hercule,
677 561 716 594 et
745 555 943 599 laboriose,

155 624 209 661 Et
234 623 357 672 magis
386 622 509 671 magis
537 622 579 658 in
607 622 689 659 dies
718 625 758 658 et
782 621 905 658 horas.

156 688 280 733 Quem
303 691 360 733 tu,
391 686 493 735 quod
518 685 726 722 minimum
755 685 1062 735 facillimumque
1091 688 1162 730 est,

155 751 243 797 Qua
270 751 417 788 solatus
445 763 485 787 es
513 750 769 787 allocutione?
1217 746 1240 784 6

157 816 308 852 Irascor
335 815 420 851 tibi.
488 815 550 852 Sic
573 827 678 851 meos
703 814 879 851 amores?

155 879 323 916 Paulum
352 879 545 929 quidlibet
573 878 830 924 allocutionis,

157 944 348 981 Maestius
377 944 546 981 lacrimis
575 943 818 980 Simonideis.

551 1061 745 1097 XXXIX.

110 1142 312 1192 Egnatius,
341 1142 444 1191 quod
473 1141 655 1178 candidos
683 1141 799 1178 habet
828 1142 977 1190 dentes,

109 1207 280 1244 Renidet
321 1218 443 1255 usque
487 1218 667 1254 quaque:
707 1205 740 1242 si
769 1207 816 1242 ad
848 1207 903 1242 rei
934 1210 1097 1243 ventum
1132 1209 1189 1243 est

111 1270 359 1316 Subsellium,
386 1284 474 1308 cum
499 1274 629 1308 orator
657 1269 802 1307 excitat
828 1269 975 1316 fletum,

111 1335 282 1373 Renidet
310 1335 403 1372 ille:
432 1335 464 1372 si
491 1335 540 1371 ad
566 1334 622 1384 pii
651 1347 787 1383 rogum
818 1334 875 1370 fili

111 1400 297 1450 Lugetur,
327 1400 421 1437 orba
448 1413 536 1436 cum
565 1400 633 1436 fiet
660 1399 821 1436 unicum
846 1402 981 1445 mater,
1226 1396 1248 1433 5

112 1464 283 1502 Rem'det
305 1464 398 1501 ille:
437 1463 623 1513 quicquid
653 1468 721 1510 est,
750 1463 971 1512 ubicunque
1000 1465 1069 1508 est,

110 1529 388 1578 Quodcumque
416 1529 508 1578 agit,
528 1529 698 1565 renidet:
727 1528 831 1565 hunc
860 1527 977 1564 habet
1006 1527 1195 1572 morbum,

111 1593 250 1643 Neque
269 1594 485 1642 elegantem
515 1597 560 1629 ut
585 1593 756 1630 arbitror
783 1604 909 1641 neque
937 1592 1142 1628 urbanum.

112 1658 242 1703 Quare
270 1658 509 1694 monendum
534 1661 573 1694 te
598 1662 658 1694 est
685 1657 793 1703 mihi,
825 1657 923 1693 bone
948 1655 1117 1704 Egnati:

112 1722 155 1760 Si
179 1723 352 1759 urbanus
380 1735 480 1759 esses
507 1726 577 1758 aut
603 1721 771 1758 Sabinus
797 1725 866 1757 aut
891 1720 1044 1766 Tiburs,
1203 1719 1250 1756 10

113 1788 199 1823 Aut
227 1799 364 1836 parcus
391 1786 544 1823 Umber
569 1790 638 1823 aut
670 1787 808 1822 obesus
833 1785 1033 1831 Etruscus,

112 1853 199 1888 Aut
224 1850 455 1887 Lanuvinus
481 1855 565 1888 ater
592 1854 710 1900 atque
725 1851 922 1897 dentatus,

115 1917 203 1953 Aut
227 1916 536 1965 Transpadanus,
564 1919 609 1952 ut
637 1928 742 1953 meos
770 1928 922 1964 quoque
951 1914 1154 1963 attingam,

113 1983 200 2018 Aut
228 1981 404 2030 quilibet,
433 1981 501 2030 qui
526 1980 677 2029 puriter
704 1979 804 2016 lavit
833 1980 979 2024 dentes,

114 2046 259 2082 Tamen
286 2045 462 2082 renidere
490 2058 612 2093 usque
641 2057 794 2094 quaque
824 2048 861 2080 te
889 2043 1046 2085 nollem,
1208 2042 1253 2080 15

115 2110 219 2146 Nam
248 2110 330 2146 risu
358 2109 490 2155 inepto
519 2122 579 2146 res
606 2109 775 2154 ineptior
803 2108 911 2144 nulla
939 2111 1006 2144 est.
