1383 2365
61 111 107 168 60
506 133 812 171 oATULLUS.

58 256 186 293 Sicine
215 257 409 306 subrepsti
438 257 492 293 mi
520 262 637 306 atque
665 257 853 294 intestina
882 269 1067 304 perurens

112 321 173 357 Mi
203 321 343 358 misero
371 322 551 371 eripuisti
580 322 711 359 omnia
737 326 871 359 nostra
900 323 1011 368 bona,

61 386 263 434 Eripuisti,
294 385 371 423 heu
400 386 476 423 heu
506 390 660 423 nostrae
688 387 843 424 crudele
873 400 1064 424 venenum

110 449 241 496 Vitae,
273 450 348 488 heu
377 451 454 487 heu
482 456 638 488 nostrae
666 456 801 501 peetus
828 451 1024 489 amicitiae

551 569 759 604 LXXXII.

58 647 209 695 Quinti,
240 648 273 685 si
301 648 376 685 tibi
404 648 464 685 vis
493 649 622 686 oculos
650 649 788 687 debere
817 649 1028 697 Catullum,

109 713 197 749 Aut
224 713 332 749 aliud
361 713 395 750 si
423 714 516 763 quid
546 714 673 751 carius
701 718 760 752 est
787 714 918 761 oculis,

62 777 218 826 Eripere
247 778 283 814 ei
312 778 403 825 noli,
437 778 560 814 multo
590 778 693 827 quod
721 778 848 816 carius
874 778 935 816 illi

110 842 184 879 Est
211 842 333 880 oculis
361 855 429 880 seu
457 843 553 892 quid
581 843 707 880 carius
736 848 795 880 est
826 845 958 883 oculis.

541 961 771 995 LXXXIII.

58 1038 197 1075 Lesbia
224 1039 280 1075 mi
309 1043 511 1088 praesente
539 1039 625 1076 viro
653 1039 756 1075 mala
783 1038 953 1088 plurima
981 1040 1103 1080 dicit:

109 1103 220 1141 Haeo
248 1104 308 1140 illi
335 1104 446 1142 fatuo
474 1104 647 1140 maxima
675 1104 828 1141 laetitia
857 1109 926 1142 est.

56 1168 177 1215 Mule‚
208 1168 308 1205 nihil
338 1169 486 1206 sentis:
515 1169 549 1205 si
577 1169 701 1205 nostri
731 1169 852 1205 oblita
880 1173 1036 1217 taceret,

109 1232 212 1270 Sana
240 1238 365 1270 esset:
393 1247 498 1270 nunc
526 1234 629 1283 quod
657 1234 798 1282 gannit
825 1238 863 1271 et
892 1234 1126 1283 obloquitur,

57 1298 148 1335 Non
167 1298 293 1335 solum
313 1298 503 1344 meminit,
526 1299 710 1347 sed‚quae
731 1299 855 1335 multo
875 1299 999 1335 acrior
1017 1304 1076 1336 est
1094 1311 1165 1345 res,

110 1363 218 1400 [rata
246 1368 315 1400 est.
375 1363 463 1400 Hoc
492 1368 561 1408 est,
593 1364 723 1400 uritur
751 1367 791 1400 et
818 1363 1004 1413 loquitur.

541 1471 764 1506 LXXXIV.

55 1547 293 1584 Chommoda
320 1547 481 1592 dicebat,
513 1547 546 1583 si
574 1547 730 1596 quando
758 1547 957 1583 commoda
986 1547 1102 1585 vellet

107 1612 258 1658 Dicere,
289 1616 328 1649 et
355 1612 517 1648 insidias
545 1611 690 1648 Arrius
718 1611 934 1658 hinsidias3

55 1677 107 1714 Et
136 1682 219 1714 tum
250 1677 411 1713 mirifice
439 1677 620 1726 sperabat
647 1689 688 1713 se
716 1689 798 1712 esse
825 1676 999 1713 locutum

106 1742 205 1778 Cum
234 1746 426 1791 quantum
455 1746 609 1790 poterat
637 1741 792 1777 dixerat
819 1740 1017 1778 hinsidias.

53 1806 202 1844 Credo:
232 1807 286 1843 Sic
314 1810 449 1852 mater,
481 1805 534 1842 sic
564 1806 681 1842 Liber
709 1806 927 1842 avunculus
955 1806 1048 1855 ejus,

105 1871 168 1908 Sic
196 1875 396 1908 maternus
424 1883 521 1907 avus
550 1870 705 1907 dixerat
733 1874 850 1919 atque
878 1870 976 1906 avia.

54 1936 139 1972 Hoc
168 1936 284 1972 misso
313 1937 355 1971 in
385 1935 538 1984 Syriam
568 1935 792 1983 requierant
819 1935 1000 1972 omnibus
1027 1948 1164 1973 aures:

103 2000 311 2036 Audibant
338 2000 471 2036 eadem
500 2000 593 2035 haee
622 1999 762 2035 leniter
789 2003 829 2035 et
856 2000 1008 2046 leviter,

52 2065 89 2101 Ν
93 2078 134 2101 ec
162 2064 236 2100 sibi
266 2064 422 2113 postilla
451 2064 677 2100 metuebant
705 2063 801 2099 talia
829 2064 956 2100 verba.

102 2129 202 2166 Cum
231 2129 361 2165 subito
389 2128 551 2164 affertur
578 2127 742 2164 nuntius
770 2127 976 2171 horribilis,

1164 1291 1167 1292 ⁷
1226 1299 1250 1335 5

1199 2129 1246 2167 10
