1383 2365
86 119 133 155 64
529 117 833 157 GATULLUS.

85 239 214 283 Quare
242 239 313 275 hoc
342 242 401 275 est
428 243 596 288 gratum,
627 237 739 275 nobis
768 249 922 286 quoque
943 235 1069 272 carius
1097 247 1202 278 auro,

138 303 250 348 Quod
278 307 318 340 te
347 302 532 349 restituis,
565 301 716 347 Lesbia,
746 301 801 337 mi
829 300 977 350 cupido.

83 367 277 404 Restituis
309 367 449 417 cupido
479 371 597 416 atque
626 365 869 415 insperanti?
901 365 985 414 ipsa
1013 364 1133 401 refers
1160 368 1199 401 te
1253 364 1274 400 5

137 432 177 468 N
179 433 288 469 obis2
317 446 339 469 o
368 432 492 468 lucem
521 431 742 468 candidiore
769 434 873 467 nota.

83 497 181 541 Quis
209 510 271 534 me
299 509 379 534 uno
407 496 510 533 vivit
537 496 695 541 felicior,
727 499 796 531 aut
824 494 947 543 magis
975 494 1046 531 hac
1074 507 1135 530 me
1163 497 1223 531 est

135 561 342 610 Opta-udus
371 561 479 598 vita?
507 561 633 597 dicere
663 560 751 609 quis
779 559 949 608 poterit‘ss

604 671 749 707 CVIII.

80 752 135 799 Si,
165 752 332 798 Comini,
362 752 498 802 populi
525 752 688 789 arbitrio
716 756 786 788 tua
813 764 910 788 cana
937 755 1115 788 senectus

133 817 324 867 Spurcata
352 817 517 867 impuris
545 817 718 854 moribus
746 816 925 861 intereat,

80 883 172 920 Non
201 883 381 932 equidem
410 883 548 920 dubito
576 882 673 931 quin
701 882 871 931 primum
899 880 1057 918 inimica.
1084 881 1271 918 bonorum

132 947 286 996 Lingua
314 952 467 984 exsecta
495 946 611 984 avido
640 946 692 983 sit
720 946 811 982 data
840 945 1021 991 volturio,

81 1012 249 1049 Effossos
278 1012 408 1049 oculos
436 1016 551 1049 voret
578 1015 664 1048 atro
691 1014 852 1060 gutture
881 1022 1031 1055 corvus,
1250 1010 1270 1045 5

132 1075 326 1113 Intestina
353 1089 478 1123 canes,
508 1080 636 1113 cetera
663 1075 837 1112 membra
865 1074 957 1124 lupi.

620 1190 723 1226 CIX.

77 1272 104 1310 J
106 1272 318 1319 ucundum,
348 1286 433 1310 mea
461 1272 555 1317 vita,
586 1272 683 1308 mihi
710 1272 893 1321 proponis
920 1284 1090 1308 amorem

132 1337 252 1374 Hunc
282 1341 459 1373 nostrum
489 1337 592 1373 inter
619 1349 690 1373 nos
718 1340 1026 1386 perpetuumque
1053 1335 1144 1374 fore,

79 1402 146 1438 Dii
175 1401 318 1451 magni,
348 1401 463 1438 facite
491 1405 536 1438 ut
564 1415 654 1438 vere
683 1401 910 1451 promittere
938 1400 1060 1450 possit

131 1467 267 1515 Atque
297 1466 338 1502 id
367 1467 514 1503 sincere
543 1466 647 1504 dicat
674 1470 713 1502 et
742 1479 789 1502 ex
818 1465 960 1511 animo,

81 1530 140 1568 Ut
169 1531 283 1567 liceat
311 1530 423 1567 nobis
452 1535 537 1567 tota
564 1531 772 1580 perducere
800 1530 884 1566 vita
1247 1532 1270 1566 5

130 1595 350 1632 Aeternum
381 1595 452 1632 hoc
479 1600 634 1632 sanctae
663 1595 797 1632 foedus
825 1593 1027 1632 amicitiae.

603 1709 745 1743 CXIV.

78 1789 261 1826 Firmano
289 1790 392 1826 saltu
421 1803 498 1826 non
527 1789 624 1826 salso
654 1789 836 1825 Mentula
865 1789 973 1827 dives

131 1855 284 1900 Fertur,
314 1854 383 1903 qui
410 1858 471 1891 tot
503 1867 564 1891 res
591 1854 633 1890 in
661 1867 701 1890 se
730 1854 847 1891 habet
874 1854 1056 1904 egregias,

77 1919 259 1968 Aucupia
287 1931 401 1955 omne
428 1931 562 1968 genus,
593 1918 727 1967 pisces,
761 1922 884 1968 prata,
915 1932 1019 1965 arva,
1049 1919 1233 1969 ferasque.

128 1983 405 2032 Nequiquam:
434 1983 585 2019 fructus
614 1983 835 2032 sumptibus
863 1988 1081 2032 exsuperat.

77 2048 205 2092 Quare
234 2047 399 2084 concedo
428 2048 481 2084 sit
509 2047 628 2093 dives,
659 2047 752 2083 dum
781 2047 912 2084 omnia
940 2048 1092 2085 desint:
1245 2049 1267 2084 5

128 2112 280 2148 Saltum
309 2112 523 2157 laudemus,
554 2112 647 2148 dum
676 2112 790 2148 modo
818 2112 899 2161 ipse
928 2116 1047 2161 egeat.
