1383 2365
100 123 146 160 36
542 123 848 164 OATULLUS.

100 243 275 280 Heroum
310 242 409 280 mira
442 244 610 281 virtutes
643 244 791 280 indicat
823 248 916 281 arte.

99 305 277 356 Namque
309 307 543 345 fluentisono
575 313 825 358 prospectans
858 309 972 346 litore
1006 310 1106 349 Diae

97 371 244 408 Thesea
277 373 477 409 cedentem
509 373 624 410 celeri
657 386 743 409 cum
778 374 898 411 classe
932 378 1066 411 tuetur

101 437 316 474 Indomitos
348 438 391 474 in
424 438 537 475 corde
570 451 707 487 gerens
740 439 920 475 Ariadna
952 439 1133 488 furores3
1241 442 1290 478 55

97 500 275 539 Necdum
308 502 427 538 etiam
456 515 548 548 sese,
576 515 675 552 quae
704 503 808 548 visit,
839 504 965 541 visere
992 505 1125 551 credit,

98 567 160 604 Ut
188 570 278 617 pote
308 567 438 604 fallaci
471 580 570 617 quae
600 572 687 604 tum
717 568 889 617 primum
922 569 1050 606 excita
1083 583 1216 607 somno

98 632 305 669 Desertam
338 632 381 669 in
415 632 496 669 sola
528 632 708 669 miseram
742 645 782 669 se
817 637 952 670 cernat
978 634 1133 671 harena.

98 695 309 734 Immemor
341 700 383 734 at
409 696 570 746 juvenis
602 697 756 746 fugiens
789 698 900 746 pellit
932 699 1033 734 vada
1065 699 1192 744 remis,

98 760 219 797 Irrita
247 765 430 798 ventosae
459 761 641 810 linquens
670 761 861 810 promissa
888 763 1087 811 procellae.
1242 764 1291 801 60

99 825 224 870 Quem
254 825 388 875 procul
417 838 467 862 ex
495 825 582 874 alga
609 825 768 862 maestis
797 826 946 863 Minois
974 827 1117 874 ocellis,

99 890 223 927 Saxea
250 894 297 926 ut
324 890 467 939 effigies
496 890 741 936 Baechantis,
773 891 973 940 prospicit,
1004 891 1112 938 eheu,

99 954 303 1004 Prospicit,
334 959 374 992 et
402 954 554 1004 magnis
582 968 763 991 curarum
793 955 958 992 fluctuat
987 957 1112 1002 undis,

98 1018 190 1056 Non
218 1020 319 1055 flavo
347 1019 520 1056 retinens
549 1019 733 1055 subtilem
762 1021 907 1057 vertice
935 1021 1104 1066 mitram,

99 1084 191 1121 Non
219 1088 395 1121 contecta
422 1084 502 1120 levi
530 1084 703 1120 velatum
732 1089 866 1133 pectus
893 1085 1050 1131 amictu,
1241 1086 1290 1124 65

99 1149 192 1186 Non
218 1149 335 1185 tereti
362 1148 537 1198 strophio
565 1148 754 1185 lactentes
782 1149 915 1186 vincta
942 1150 1118 1199 papillas,

99 1212 243 1252 Omnia
270 1226 368 1262 quae
397 1217 481 1250 toto
509 1213 667 1262 delapsa
695 1227 715 1250 e
743 1227 902 1263 corpore
931 1215 1075 1263 passim

98 1278 228 1328 Ipsius
255 1282 347 1314 ante
375 1278 491 1327 pedes
518 1277 661 1315 fluctus
689 1278 780 1315 salis
809 1279 1044 1316 alludebant.

98 1343 174 1380 Sed
201 1355 328 1392 neque
355 1346 442 1378 tum
470 1342 620 1389 mitrae,
642 1355 768 1392 neque
788 1346 875 1379 tum
903 1344 1099 1380 fluitantis
1127 1344 1293 1382 amictus

98 1407 175 1444 Illa
202 1407 327 1445 vicem
355 1420 506 1453 curans,
537 1411 621 1444 toto
649 1420 699 1444 ex
726 1412 767 1444 te
794 1412 960 1457 pectore,
990 1408 1151 1455 Theseu,
1243 1409 1293 1449 70

97 1473 196 1509 Toto
222 1472 364 1518 animo,
395 1476 479 1508 tota
507 1472 700 1521 pendebat
728 1472 881 1521 perdita
909 1477 1048 1511 mente.

97 1538 136 1574 A
164 1537 315 1582 misera,
347 1536 513 1573 assiduis
541 1550 658 1586 quam
686 1537 858 1573 luctibus
886 1537 1130 1574 exsternavit

97 1601 279 1652 Spinosas
308 1600 479 1649 Erycina
506 1614 636 1638 serens
663 1600 706 1637 in
735 1605 887 1651 pectore
916 1615 1036 1647 curas,

96 1666 173 1703 Illa
201 1670 443 1715 tempestate,
474 1666 585 1702 ferox
613 1678 690 1714 quo
719 1679 767 1702 ex
797 1671 969 1715 tempore
998 1667 1179 1715 Theseus,

96 1731 283 1781 Egressus
310 1730 441 1768 curvis
469 1743 491 1767 e
519 1731 700 1767 litoribus
729 1730 872 1776 Piraei,
1242 1731 1290 1771 75

94 1796 245 1845 Attigit
270 1796 410 1844 injusti
437 1795 538 1844 regis
567 1795 760 1843 Gortynia
787 1795 942 1844 templa.

95 1861 201 1898 Nam
229 1860 435 1909 perhibent
464 1860 567 1905 olim,
599 1860 747 1896 crudeli
776 1864 885 1909 peste
913 1864 1085 1897 coactam

94 1925 400 1975 Androgeoneae
428 1937 571 1974 poenas
600 1925 799 1961 exsolvere
827 1925 964 1971 caedis,

94 1991 248 2027 Electos
270 1990 438 2039 juvenes
467 1989 582 2026 simul
611 1994 651 2026 et
679 1989 794 2026 decus
824 1989 1078 2038 innuptarum

94 2055 318 2105 Cecropiam
347 2056 501 2092 solitam
531 2068 612 2092 esse
640 2055 777 2104 dapem
807 2055 897 2091 dare
926 2055 1162 2092 Minotauro.
1240 2055 1290 2092 80

94 2120 213 2165 Queis
241 2123 407 2169 angusta
438 2119 549 2156 malis
577 2133 665 2156 cum
694 2119 846 2156 moenia
875 2124 1122 2164 vexarentur,
