1383 2365
501 69 805 108 OATULLUS.

173 188 301 226 Pauca
329 187 512 225 nuntiate
540 201 648 225 meae
676 188 829 238 puellae

489 252 585 289 Non
613 252 714 288 bona
742 251 873 290 dicta:

171 315 254 351 Nec
282 327 412 351 meum
440 318 642 363 respectet,
671 318 718 350 ut
749 319 852 361 ante,
882 327 1064 361 amorem,

171 378 249 423 Qui
280 378 388 415 illius
420 378 534 427 culpa
565 378 705 415 cecidit
733 378 844 415 velut
876 378 983 428 prati

173 442 318 480 Ultimi
346 441 426 489 flos,
456 446 728 492 praetereunte
756 446 962 491 postquam

487 506 631 543 Tactus
663 510 794 543 aratro
827 510 896 543 est.

607 691 702 727 XII.

169 772 393 812 Marrucine
423 773 554 819 Asini,
585 786 706 810 manu
735 774 895 812 sinistra

171 838 262 875 Non
290 838 389 875 belle
417 838 540 875 uteris
567 838 610 874 in
633 839 724 887 joco
753 843 871 888 atque
900 839 1023 878 vino:

170 903 290 939 Tollis
317 902 439 939 lintea
455 902 797 951 neglegentiorum.

171 966 259 1003 Hoc
287 965 429 1003 salsum
460 979 541 1003 esse
571 967 709 1015 putas2
747 967 868 1016 Fugit
896 972 945 1014 te,
975 968 1134 1018 inepte:

170 1029 359 1076 Quamvis
387 1030 542 1067 sordida
569 1043 629 1067 res
657 1035 697 1068 et
723 1030 933 1068 invenusta
960 1036 1031 1070 est.

171 1094 264 1131 Non
292 1094 415 1131 credis
442 1094 565 1131 mihist
639 1094 761 1132 Crede
790 1095 960 1132 Pollioni

171 1158 311 1204 Fratri,
342 1159 410 1208 qui
438 1163 507 1195 tua
533 1158 640 1196 furta
669 1159 729 1195 vel
758 1159 907 1198 talento

172 1220 324 1256 Mutari
351 1221 471 1257 velit:
509 1224 569 1257 est
596 1221 700 1257 enim
730 1221 904 1270 leporum

174 1284 352 1321 Disertus
382 1298 478 1334 puer
505 1297 548 1321 ac
575 1285 813 1323 facetiarum.

173 1348 301 1394 Quare
329 1353 399 1386 aut
430 1349 772 1398 hendecasyllabos
804 1354 996 1387 trecentos

174 1413 358 1462 Expecta,
388 1417 458 1450 aut
487 1413 584 1449 mihi
612 1413 778 1450 linteum
808 1414 975 1459 remitte,

173 1478 285 1522 Quod
313 1491 374 1514 me
401 1482 641 1515 nonmovet
668 1478 949 1524 aestimatione,

171 1542 321 1579 Verum
349 1546 408 1579 est
435 1555 731 1590 mnemosynum
760 1543 837 1579 mei
863 1543 1014 1582 sodalis.

172 1606 276 1643 Nam
309 1607 465 1643 sudaria
495 1607 661 1644 Saetaba
686 1621 735 1644 ex
769 1607 921 1644 Hibere

172 1671 369 1708 Miserunt
395 1671 494 1707 mihi
522 1672 675 1708 muneri
703 1671 890 1709 Fabullus

171 1733 224 1769 Et
252 1732 470 1769 Veranius:
511 1731 603 1769 haec
631 1743 757 1768 amem
792 1743 944 1767 necesse
977 1735 1036 1767 est

173 1796 224 1834 Et
256 1796 513 1833 Veraniolum
546 1809 676 1833 meum
708 1800 747 1831 et
778 1795 997 1832 Fabullum.

1207 186 1253 223 15

1208 1349 1255 1388 10

1206 1673 1252 1710 15
