1383 2365
486 125 790 162 OATULLUS.
1216 126 1238 163 3

151 244 290 294 Neque
322 244 441 281 ullius
471 244 645 280 natantis
678 244 868 294 impetum
902 245 1026 282 trabis

152 309 344 358 Nequisse
374 308 595 358 praeterire,
629 309 712 346 sive
744 309 928 358 palmulis

151 373 260 423 Opus
290 373 391 410 foret
421 373 552 410 volare
587 373 669 409 sive
702 373 834 410 linteo.
1214 374 1236 411 5

152 438 204 474 Et
236 437 307 474 hoc
339 441 457 486 negat
490 437 651 474 minacis
684 438 880 474 Adriatici

151 503 305 551 Negare
337 502 432 539 litus
462 502 660 539 insulasve
695 503 881 551 Cycladas

150 567 412 616 Rhodumque
444 567 614 603 nobilem
645 567 919 616 horridamque
951 567 1152 605 Thraciam

149 631 401 681 Propontida,
439 635 639 668 trucemve
669 631 878 668 Ponticum
910 632 1051 679 sinum,

150 697 233 735 Ubi
259 696 332 733 iste
365 700 453 744 post
481 696 663 744 phaselus
693 700 808 732 antea
834 696 911 732 suit
1190 697 1236 734 10

150 761 311 798 Comata
344 760 469 796 silva:
512 773 602 796 nam
638 760 798 809 Cytorio
830 760 872 797 in
900 761 996 810 jugo

150 825 351 874 Loquente
384 837 496 873 saepe
530 824 690 860 sibilum
724 824 847 861 edidit
880 838 997 862 coma.

150 889 326 926 Amastri
361 888 525 925 Pontica
558 892 597 925 et
632 888 774 936 Cytore
809 889 965 925 buxifer

148 953 235 989 Tibi
268 953 360 990 haec
392 952 510 989 fuisse
543 957 583 988 et
615 966 696 989 esse
733 953 997 1002 cognitissima

149 1018 223 1054 Ait
251 1017 456 1067 phaselus:
486 1017 626 1053 ultima
658 1030 707 1053 ex
742 1018 891 1066 origine
1189 1019 1234 1056 15

149 1083 231 1118 Tuo
259 1081 412 1118 stetisse
440 1081 536 1117 dicit
562 1081 604 1116 in
632 1082 841 1127 cacumine,

147 1146 230 1183 Tuo
260 1145 445 1181 imbuisse
473 1145 670 1194 palmulas
702 1146 744 1182 in
777 1159 952 1195 aequore,

149 1211 202 1247 Et
230 1210 320 1247 inde
349 1214 408 1246 tot
436 1223 504 1259 per
534 1210 766 1259 impotentia
796 1211 896 1247 freta

149 1276 271 1311 Erum
305 1274 451 1320 tulisse,
488 1274 598 1310 laeva
631 1275 713 1311 sive
745 1275 906 1312 dextera

148 1341 318 1377 Vocaret
350 1352 455 1385 aura,
491 1339 573 1375 sive
607 1343 817 1389 utrumque
847 1340 1035 1390 Juppitcr
1186 1344 1234 1379 20

147 1404 272 1442 Simul
304 1403 495 1441 secundus
526 1403 727 1440 incidisset
758 1404 800 1440 in
832 1406 968 1454 pedem
984 1420 995 1454 3

148 1470 286 1518 Neque
322 1468 405 1504 ulla
436 1472 528 1504 vota
561 1468 782 1506 litoralibus
815 1470 896 1507 deis

148 1534 231 1571 Sibi
256 1546 338 1570 esse
370 1533 482 1579 facta,
519 1546 607 1569 cum
641 1533 794 1570 veniret
827 1548 850 1571 a
883 1535 982 1571 mari

147 1598 371 1635 Novissime
404 1598 507 1634 hunc
539 1598 588 1634 ad
619 1611 741 1646 usque
774 1599 980 1648 limpidum
1014 1599 1149 1639 lacum.

148 1663 223 1700 Sed
255 1662 347 1698 haec
381 1662 489 1710 prius
522 1662 652 1699 fuere:
699 1676 802 1699 nunc
836 1665 1034 1702 recondita
1185 1666 1232 1703 25

148 1728 266 1764 Senet
296 1727 428 1776 quiete
461 1739 577 1775 seque
611 1727 763 1764 dedicat
796 1728 869 1764 tibi

148 1791 321 1829 Gemelle
353 1791 490 1828 Castor
523 1795 561 1827 et
594 1792 755 1840 gemelle
788 1792 971 1832 Castoris.

612 1914 659 1951 V.

149 1996 344 2032 Vivamus
371 2008 457 2032 mea
486 1995 624 2032 Lesbia
652 2000 768 2045 atque
796 2010 980 2041 amemus,

151 2061 419 2109 Rumoresque
447 2073 582 2097 senum
610 2061 847 2098 severiorum

150 2125 295 2162 Omnes
323 2125 440 2161 unius
470 2125 718 2162 aestimemus
751 2126 854 2163 assis,
