1383 2365
146 74 193 111 32
585 72 895 112 GATULLUS.

144 192 372 228 Furibunda
422 191 539 229 simul
599 193 788 229 anhelans
846 205 946 241 vaga
1002 192 1113 230 vadit
1169 191 1336 230 animam

249 269 367 305 agens

143 321 338 358 Oomitata
371 324 559 370 tympano
591 321 702 358 Attis
736 333 804 370 per
834 334 952 370 opaca
983 333 1142 357 nemora
1174 320 1265 369 dux,

142 385 282 423 Veluti
310 386 481 434 juvenca
513 385 644 422 vitans
678 398 776 422 onus
808 385 1001 422 indomita
1028 385 1143 434 jugi:

143 451 318 500 Rapidae
352 451 490 487 ducem
525 455 745 499 sequuntur
776 450 911 488 Gallae
945 449 1246 499 properipedem.

142 515 281 564 Itaque
316 519 363 551 ut
394 516 551 551 domum
587 514 766 563 Cybelles
796 515 958 564 tetigere
988 514 1164 561 lassulae,
1288 515 1336 551 35

142 579 278 616 Nimio
308 592 329 615 e
363 578 494 616 labore
528 592 706 615 somnum
727 579 888 629 capiunt
921 580 1004 616 sine
1036 578 1172 616 Cerere
1189 592 1200 625 5

142 643 257 692 Piger
287 643 348 679 his
378 643 534 680 labante
569 643 726 693 langore
759 644 888 681 oculos
921 656 1034 693 sopor
1063 643 1212 693 operit:

142 708 241 744 Abit
274 707 315 744 in
336 707 467 756 quiete
498 708 606 745 molli
636 708 795 745 rabidus
828 708 938 744 furor
970 708 1100 744 animi.

141 772 215 809 Sed
247 772 315 808 ubi
349 772 426 809 oris
459 772 567 809 aurei
598 772 663 809 Sol
696 772 939 810 radiantibus
973 773 1093 810 oculis

141 837 346 874 Lustravit
375 837 534 873 aethera
559 837 704 883 album,
735 837 816 873 sola
844 837 952 884 dura,
979 849 1085 874 mare
1113 837 1250 883 ferum,
1285 837 1336 874 40

141 901 377 951 Pepulitque
410 901 536 938 noctis
565 902 725 938 umbras
758 901 906 950 vegetis
939 901 1201 950 sonipedibus,

141 966 203 1003 [bi
235 966 403 1004 Somnus
436 966 607 1003 excitum
644 966 764 1003 Attin
797 966 949 1015 fugiens
981 966 1082 1004 citus
1113 966 1230 1004 abiit:

139 1031 374 1080 Trepidante
400 1043 490 1067 eum
516 1031 663 1080 recepit
693 1031 763 1067 dea
794 1030 1098 1069 Pasithea'sinu.

142 1095 205 1132 Ita
237 1096 284 1132 de
317 1095 448 1144 quiete
478 1095 587 1132 molli
617 1095 752 1145 rapida
783 1095 866 1133 sine
898 1096 1006 1133 rabie

141 1160 266 1197 Simul
299 1160 382 1209 ipse
408 1164 562 1209 pectore
589 1161 701 1197 Attis
734 1173 803 1197 sua
833 1160 936 1197 facta
964 1161 1137 1208 recoluit,
1283 1159 1334 1198 45

142 1224 385 1274 Liquidaque
417 1228 550 1260 mente
583 1224 684 1260 vidit
716 1224 799 1261 sine
832 1225 941 1273 queis
974 1225 1118 1273 ubique
1150 1224 1260 1270 foret,

142 1289 288 1326 Animo
319 1293 522 1325 aestuante
555 1302 711 1325 rursum
740 1288 909 1325 reditum
941 1289 986 1325 ad
1018 1289 1118 1326 vada
1142 1289 1286 1326 tetulit.

142 1354 205 1390 Ibi
239 1353 362 1390 maria
391 1357 504 1389 vasta
537 1353 667 1390 visens
700 1353 995 1390 lacrimantibus
1027 1353 1159 1400 oculis,

140 1418 316 1455 Patriam
350 1418 519 1454 allocuta
548 1422 696 1455 maesta
722 1422 780 1454 est
809 1418 867 1454 ita
898 1430 990 1455 voce
1022 1418 1222 1456 miseriter.

143 1487 152 1503 ‘
168 1483 303 1520 Patria
328 1496 350 1518 o
376 1483 452 1519 mei
475 1483 654 1529 creatrix,
683 1482 809 1532 patria
838 1496 860 1519 o
883 1496 968 1519 mea
994 1483 1184 1532 genetriX,
1281 1483 1332 1521 50

141 1547 223 1596 Ego
243 1558 362 1596 quam
391 1546 508 1583 miser
533 1546 769 1595 relinquens,
799 1546 976 1584 dominos
1001 1552 1047 1584 ut
1071 1547 1242 1596 erifugae

139 1611 295 1648 Famuli
327 1610 464 1657 solent,
499 1610 549 1647 ad
579 1610 674 1647 Idae
707 1610 823 1647 tetuli
856 1623 1014 1648 nemora
1047 1612 1195 1660 pedem,

140 1675 202 1713 Ut
224 1675 327 1724 apud
361 1674 493 1711 nivem
525 1678 566 1711 et
592 1675 762 1711 ferarum
791 1675 919 1724 gelida
944 1676 1094 1712 stabula
1126 1675 1259 1722 forem,

140 1740 194 1776 Et
223 1752 356 1776 earum
380 1739 511 1776 omnia
545 1739 693 1776 adirem
726 1739 938 1776 furibunda
968 1739 1141 1786 latibula,

140 1804 316 1842 Ubinam
343 1807 412 1840 aut
437 1803 579 1852 quibus
605 1803 699 1840 locis
726 1806 766 1840 te
791 1803 969 1852 positam,
990 1804 1126 1853 patria,
1148 1805 1252 1841 reor?
1281 1806 1329 1842 55

141 1868 260 1917 Cupit
292 1867 375 1917 ipsa
408 1867 556 1916 pupula
588 1867 636 1904 ad
670 1871 708 1904 te
741 1867 816 1904 sibi
849 1867 1013 1917 dirigere
1046 1868 1178 1914 aciem,

139 1931 263 1970 Rabie
290 1932 372 1968 fera
397 1944 531 1968 carens
560 1932 654 1968 dum
681 1932 796 1969 breve
825 1936 979 1981 tempus
1007 1932 1160 1969 animus
1188 1936 1256 1970 est.

140 1997 272 2046 Egone
301 2009 324 2032 a
352 2009 437 2032 mea
463 2002 612 2032 remota
641 1995 734 2033 haec
764 1996 868 2033 ferar
892 1996 934 2032 in
965 2008 1122 2033 nemora
1149 1997 1263 2034 domo

142 2060 285 2105 Patria,
318 2060 441 2107 bonis,
463 2059 608 2106 amicis,
631 2059 873 2110 genitoribus
903 2060 1037 2098 abero?
