1383 2365
485 151 788 190 GATULLUS.

153 272 339 321 Nympha
367 285 464 321 quos
492 285 607 320 super
635 271 774 319 irrigat:

525 336 732 384 Frigerans
762 334 981 384 Aganippe,

152 401 212 437 Ac
241 401 399 438 domum
428 400 626 437 dominam
654 412 750 436 voca

153 465 339 514 Conjugis
367 464 545 513 cupidam
572 463 677 509 novi,

152 529 329 566 Mentem
355 542 485 565 amore
511 528 730 565 revinciens

153 593 214 630 Ut
239 597 359 630 tenax
386 593 528 629 hedera
555 592 632 628 huc
659 595 699 628 et
726 590 802 627 hue

524 657 717 693 Arborem
743 654 920 704 implicat
947 667 1090 692 errans.

152 720 308 770 Vosque
336 722 431 758 item
460 721 577 757 simul
603 721 778 768 integrae

150 786 347 835 Virgines,
375 786 517 834 quibus
547 784 706 821 advenit

154 850 232 887 Par
260 850 352 896 dies,
384 850 487 899 agite
514 849 556 885 in
585 850 741 887 modum

152 914 293 960 Dicite,
322 926 345 951 o
369 915 598 963 Hymenaee
627 913 798 964 Hymen,

522 977 555 1014 O
587 978 749 1027 Hymen
780 980 1021 1029 Hymenaee,

154 1043 214 1080 Ut
246 1043 444 1089 libenbius,
472 1042 634 1079 audiens

153 1108 201 1144 Se
226 1107 382 1144 citarier
406 1107 455 1143 ad
484 1119 597 1143 suum

151 1170 309 1217 Munus,
345 1171 420 1207 hue
452 1171 603 1207 aditum
635 1171 736 1208 ferat

153 1236 248 1272 Dux
276 1236 399 1272 bonae
429 1235 609 1281 Veneris,
639 1234 731 1271 bom‘

526 1299 766 1348 Oonjugator
795 1298 948 1338 amoris,

153 1362 250 1410 Quis
279 1364 373 1400 deus
401 1363 525 1412 magis
548 1363 678 1400 anxiis

153 1429 225 1465 Est
254 1428 444 1477 petendus
471 1428 721 1464 amantibus?

152 1493 277 1537 Quem
297 1493 425 1529 colent
444 1492 619 1529 homines
638 1491 761 1540 magis

152 1556 358 1603 Caelitum,
387 1570 409 1593 o
438 1555 663 1605 Hymenaee
687 1558 850 1607 Hymen

522 1619 555 1656 O
586 1619 743 1668 Hymen
774 1621 1030 1669 Hymenaee?

151 1685 205 1722 Te
234 1685 314 1722 suis
339 1685 531 1722 tremulus
560 1698 700 1734 parens

152 1750 326 1797 Invocat,
357 1749 431 1786 tibi
456 1749 626 1798 virgines

153 1814 304 1851 Zonula
331 1813 492 1851 soluunt
520 1814 637 1851 sinus.

150 1878 203 1915 Te
229 1878 371 1915 timens
399 1878 540 1927 cupida
564 1891 690 1916 novus

523 1942 665 1991 Captat
692 1956 784 1980 aure
815 1943 987 1981 maritus.

150 2006 210 2043 Tu
235 2006 316 2043 fero
333 2006 474 2055 juveni
499 2006 541 2042 in
569 2019 708 2043 manus

151 2072 348 2109 Floridam
370 2072 452 2121 ipse
480 2072 692 2121 puellulam

152 2136 274 2173 Dedis
299 2149 321 2172 a
347 2136 493 2185 gremio
519 2149 611 2173 suae

1186 152 1234 188 23

1186 334 1235 371 30

1186 655 1234 692 35

1186 980 1235 1018 40

1179 1624 1230 1660 50

1179 1946 1200 1980 ἰῖῑ

1207 1947 1227 1981 ιη
