1383 2365
509 125 814 164 CATULLUS.
1211 122 1255 160 51

71 246 161 297 Ipsa
190 261 302 284 suum
335 246 557 296 Zephyritis
586 259 630 283 eo
656 246 849 283 famulum
876 245 1034 294 legarat,

122 310 241 349 Graia
272 311 461 361 Canopeis
489 311 614 348 incola
641 310 833 347 litoribus.

70 374 141 413 Hii
169 376 224 413 dii
252 389 329 413 uen
356 376 413 412 ibi
441 375 549 412 vario
577 388 626 412 ne
654 375 779 412 solum
807 374 849 411 in
878 373 1013 410 limine
1042 372 1136 410 caeli

122 439 185 478 Ex
213 439 421 478 Ariadneis
449 452 566 476 aurea
593 440 834 488 temporibus
1212 437 1260 473 60

69 504 169 542 Fixa
196 517 337 541 corona
364 504 474 550 foret,
505 504 571 540 sed
598 516 669 540 nos
696 516 849 553 quoque
876 503 1113 551 fulgeremus

122 568 299 606 Devotae
328 568 421 605 flavi
449 568 608 605 verticis
636 567 811 615 exuviae,

70 632 290 670 Uvidulum
318 647 340 669 a
367 633 488 669 fluctu
517 633 715 669 cedentem
744 633 793 669 ad
820 634 966 682 templa
995 635 1109 671 deum
1139 647 1199 670 me

125 696 242 735 Sidus
269 697 311 734 in
340 697 513 746 antiquis
541 697 632 733 diva
660 710 806 733 novum
835 698 988 746 posuit3

68 762 248 812 Virginis
275 766 316 799 et
343 762 449 798 saevi
477 761 707 811 contingens
736 775 903 810 namque
930 763 1075 801 Leonis
1213 764 1259 801 65

121 825 301 872 Lumina,
334 826 495 863 Callisto
518 826 636 874 juxta
665 825 912 874 Lycaoniam,

69 892 214 929 Vertor
240 890 283 927 in
312 904 497 936 occasum,
530 891 685 926 tardum
715 891 795 927 dux
825 896 917 928 ante
946 892 1097 928 Booten

122 955 200 1001 Qui
227 954 297 991 vix
325 967 410 991 sero
438 954 518 991 alto
545 954 735 1003 mergitur
764 954 926 991 Oceano.

68 1019 144 1058 Sed
171 1032 394 1069 quanquam
423 1031 484 1056 me
513 1023 625 1055 nocte
654 1024 839 1068 premunt
868 1020 1032 1069 vestigia
1061 1020 1206 1067 divum,

121 1085 209 1121 Lux
237 1090 368 1121 autem
397 1096 513 1121 canae
541 1082 684 1132 Tethyi
712 1084 939 1121 restituit—
1210 1086 1259 1124 70

67 1149 167 1186 Pace
194 1153 264 1185 tua
292 1148 365 1184 fari
393 1147 455 1200 hic
484 1147 608 1194 liceat,
631 1148 876 1185 Rhamnusia
904 1149 1024 1198 virgo,

119 1212 299 1263 Namque
328 1226 397 1262 ego
426 1226 506 1249 non
534 1213 615 1249 ullo
644 1226 736 1249 vera
763 1213 902 1250 timore
930 1218 1069 1263 tegam,

66 1276 149 1315 Nec
176 1277 210 1314 si
239 1290 300 1315 me
328 1277 482 1314 infestis
511 1277 731 1326 discerpent
759 1277 885 1314 sidera
913 1278 1028 1316 dictis

118 1341 288 1380 Condita
315 1342 384 1391 qui
412 1341 495 1378 veri
524 1341 691 1391 pectoris
719 1342 911 1379 evoluo—

65 1405 155 1444 Non
174 1407 236 1444 his
254 1411 337 1443 tam
356 1407 479 1443 laetor
497 1407 622 1451 rebus
645 1419 763 1455 quam
782 1419 844 1443 me
863 1407 968 1444 afore
988 1421 1149 1457 semper,
1206 1409 1255 1447 75

117 1471 240 1508 Afore
269 1484 330 1508 me
358 1485 381 1507 a
410 1471 588 1507 dominae
618 1471 761 1507 vertice
791 1471 1009 1518 discrucior,

65 1535 232 1581 Quicum
261 1548 330 1584 ego
359 1535 452 1572 dum
481 1535 590 1584 virgo
611 1535 805 1583 quondam
824 1536 902 1572 fuit
921 1537 1100 1575 omnibus
1119 1551 1256 1588 expers

117 1600 344 1650 Unguentis
372 1613 451 1636 una
478 1599 587 1635 milia
615 1600 740 1636 multa
768 1600 859 1637 bibi.

45 1659 104 1702 ⁴N
106 1678 181 1702 unc
209 1677 290 1710 vos,
320 1669 454 1713 optato
482 1676 578 1713 quas
601 1664 738 1713 junxit
766 1663 914 1702 lumine
942 1666 1067 1714 taeda,

115 1729 203 1767 Non
234 1733 321 1778 post
349 1729 546 1765 unanimis
573 1741 732 1778 corpora
760 1730 989 1778 conjugibus
1205 1731 1254 1770 80

62 1794 231 1839 Tradite,
262 1794 455 1830 nudantes
484 1793 626 1842 rejecta
655 1797 762 1830 veste
790 1794 963 1842 papillas,

115 1858 221 1904 Quin
252 1858 427 1907 jucunda
458 1857 555 1894 mihi
588 1870 750 1894 munera
782 1858 878 1894 libet
911 1872 1026 1908 onyx,

63 1922 204 1959 Vester
235 1935 351 1971 onyX‚
391 1925 496 1959 casto
529 1921 661 1971 petitis
694 1935 792 1971 quae
825 1922 917 1971 jura
949 1924 1078 1962 cubili.

114 1987 200 2033 Sed,
235 1999 334 2035 quae
367 1999 407 2023 se
439 1986 592 2035 impuro
625 1987 734 2023 dedit
766 1987 968 2034 adulterio,

64 2051 174 2088 Illius
206 2053 254 2089 a!
285 2051 387 2088 mala
419 2051 519 2088 dona
552 2051 649 2088 levis
682 2051 791 2088 bibat
820 2051 933 2089 irrita
965 2053 1105 2102 pulvis,
1201 2056 1250 2092 85

113 2116 293 2165 Namque
326 2128 395 2165 ego
428 2116 476 2152 ab
509 2115 680 2164 indignis
712 2116 886 2165 praemia
918 2118 1028 2154 nulla
1062 2123 1152 2167 peto
