1383 2365
555 121 857 161 OATULLUS.
1254 122 1301 163 37

116 239 203 288 Ipse
231 252 344 277 suum
373 240 541 278 Theseus
569 253 638 290 pro
667 241 765 278 caris
793 254 931 290 corpus
959 241 1131 279 Athenis

115 303 307 352 Projicere
334 305 497 353 optavit,
525 305 657 355 potius
685 318 802 354 quam
832 306 926 343 talia
956 306 1111 343 Cretam

114 367 265 405 Funera
293 368 496 418 Cecropiae
523 382 592 406 nec
622 370 760 405 funera
788 373 1039 418 portarentur
1052 382 1064 416 ;

111 431 245 480 Atque
271 432 330 469 ita
356 445 456 469 nave
484 433 562 469 levi
590 433 721 470 nitens
748 447 791 470 ac
820 434 973 471 lenibus
1002 435 1107 471 auris
1251 435 1298 472 85

111 494 409 544 Magnanimum
437 496 483 532 ad
514 496 650 533 Minoa
678 497 788 534 venit
817 498 1000 546 sedesque
1029 499 1222 547 superbas.

110 558 229 596 Hunc
257 560 374 596 simul
401 573 445 597 ac
472 560 611 609 cupido
639 562 841 610 conspexit
870 562 1018 598 lumine
1047 563 1157 611 virgo

107 623 240 672 Regia,
270 637 387 673 quam
415 638 553 662 suaves
582 625 783 674 exspirans
812 630 941 663 castus
970 627 1103 663 odores

106 688 289 725 Lectulus
314 688 355 725 in
383 689 492 725 molli
520 690 724 738 complexu
752 690 889 727 matris
917 690 1057 737 alebat,

106 752 248 797 Quales
277 753 445 790 Eurotae
473 754 712 803 progignunt
739 754 903 791 fiumina
931 759 1084 803 myrtus
1247 756 1296 793 90

106 817 266 853 Aurave
294 817 497 854 distinctos
525 818 656 854 educit
683 831 804 855 verna
833 819 988 865 colores,

105 881 196 917 Non
224 881 332 931 prius
360 895 408 918 ex
438 882 506 918 illo
534 882 741 931 flagrantia
769 883 981 920 declinavit

103 945 280 992 Lumina,
310 958 427 994 quam
455 950 593 983 cuncto
623 946 798 995 concepit
826 960 984 996 corpore
1014 947 1210 984 flammam

101 1010 295 1047 Funditus
324 1015 441 1059 atque
469 1010 558 1046 imis
586 1011 734 1047 exarsit
764 1015 848 1047 tota
878 1012 1067 1048 medullis.

100 1074 191 1111 Heu
220 1074 358 1111 misere
386 1074 588 1123 exagitans
615 1074 761 1111 immiti
789 1075 901 1112 corde
929 1076 1089 1121 furores,
1244 1077 1291 1112 95

98 1138 237 1176 Sancte
265 1152 371 1188 puer,
402 1139 504 1175 curis
533 1139 736 1175 hominum
764 1140 833 1189 qui
861 1140 1003 1189 gaudia
1033 1140 1179 1186 misces,

98 1203 282 1252 Quaeque
309 1203 410 1252 regis
438 1201 582 1252 Golgos
610 1216 785 1252 quaeque
813 1204 986 1240 Idalium
1015 1204 1253 1250 frondosum,

98 1268 288 1313 Qualibus
315 1267 510 1304 incensam
534 1268 712 1316 jactastis
734 1272 865 1305 mente
889 1269 1059 1317 puellam

96 1333 308 1378 Fluctibus,
341 1332 383 1368 in
414 1331 515 1369 flavo
545 1345 658 1381 saepe
687 1333 841 1382 hospite
871 1333 1145 1382 suspirantem.

96 1398 271 1442 Quantos
300 1397 370 1433 illa
399 1396 494 1432 tulit
527 1397 730 1445 languenti
761 1397 873 1434 corde
904 1398 1072 1444 timores,
1217 1398 1290 1435 100

95 1462 250 1507 Quanto
280 1473 392 1510 saepe
421 1461 543 1510 magis
572 1460 722 1510 fulgore
751 1461 943 1510 expalluit
971 1462 1069 1508 auri,

95 1527 192 1563 Cum
221 1538 380 1562 saevum
410 1525 568 1574 cupiens
598 1529 732 1561 contra
763 1526 994 1563 contendere
1024 1531 1242 1563 monstrum

94 1591 178 1627 Aut
210 1594 373 1626 mortem
404 1593 604 1638 oppeteret
631 1589 802 1626 Theseus
831 1594 902 1626 aut
931 1591 1104 1639 praemia
1133 1591 1268 1628 laudis.

94 1656 186 1692 Non
213 1655 368 1704 ingrata
396 1658 528 1690 tamen
556 1654 704 1690 frustra
732 1655 963 1691 munuscula
992 1655 1093 1692 divis

93 1719 332 1756 Promittens
360 1718 479 1755 tacito
508 1718 708 1755 succendit
737 1723 830 1755 vota
858 1718 1008 1756 labello.
1214 1720 1287 1757 105

92 1783 196 1819 Nam
224 1782 334 1819 velut
361 1782 403 1818 in
432 1795 583 1819 summo
612 1783 854 1831 quatientem
880 1782 1060 1818 bracchia
1088 1782 1214 1817 Tauro

91 1847 296 1893 Quercum‚
328 1850 397 1883 aut
425 1846 644 1895 conigeram
672 1846 831 1882 sudanti
859 1847 1000 1884 cortice
1029 1847 1178 1896 pinum,

90 1912 312 1949 Indomitus
339 1911 456 1948 turbo
487 1915 746 1960 contorquens
775 1911 932 1947 flamine
962 1912 1092 1957 robur,

92 1977 328 2013 Eruit—illa
356 1975 489 2025 procul
519 1975 707 2012 radicitus
733 1976 943 2013 exturbata

90 2042 219 2079 Prona
240 2041 353 2087 cadit,
378 2041 533 2089 lateque
563 2040 683 2077 comis
707 2039 789 2077 obit
817 2040 947 2077 omnia
970 2041 1286 2090 frangens—110

89 2106 151 2143 Sic
180 2105 326 2142 domito
356 2117 515 2141 saevum
546 2105 762 2154 prostravit
794 2117 951 2154 corpore
981 2104 1151 2143 Theseus
