1383 2365
558 66 865 105 OATULLUS.

216 187 400 225 Fractum
433 187 502 237 qui
535 188 680 225 veteris
713 189 849 238 pedem
887 189 1041 239 grabati

216 252 265 288 In
298 252 396 289 colIo
429 252 504 288 sibi
535 252 720 289 collocare
754 257 892 302 posset.

215 317 295 354 Hic
328 318 408 364 illa,
442 321 487 354 ut
520 317 650 354 decuit
683 318 953 365 cinaediorem,

217 384 226 402 ‘
242 380 405 429 Quaeso,'
433 382 575 431 inquit,
608 382 740 430 ‘mihi,
763 383 817 419 mi
844 383 1008 430 Catulle,
1029 385 1189 434 paulum
1255 386 1303 424 25

214 447 318 483 Istos
348 446 560 493 commoda,
595 460 687 483 nam
720 448 809 484 volo
843 448 891 484 ad
921 448 1100 498 Sarapim

214 511 394 549 Deferri.'
453 511 598 548 ‘Mane
631 511 716 558 me,'
749 512 877 561 inquii
910 513 1072 562 puellae,

220 575 356 611 ‘Istud
384 575 487 624 quod
516 576 629 612 modo
658 576 832 612 dixeram
861 589 922 612 me
950 576 1144 612 habere—-

218 639 337 688 Fugit
370 652 432 675 me
464 639 730 677 ratio—meus
758 640 899 677 sodalis

219 704 460 741 Cinna—est
490 704 702 742 Gaius—is
730 706 805 742 sibi
834 705 999 755 paravit.
1256 708 1305 745 30

214 768 364 805 Verum
398 774 533 805 utrum
566 769 672 806 illius
707 783 757 806 an
790 770 877 816 mei,
914 770 1009 820 quid
1041 771 1090 807 ad
1119 773 1208 808 me'l

215 833 320 869 Utor
352 837 433 870 tam
464 834 561 870 bene
595 847 712 882 quam
746 834 844 870 mihi
876 836 1055 884 pararini.

213 897 288 934 Sed
318 902 364 934 tu
396 898 545 934 insulsa
576 899 677 934 male
710 902 750 935 et
782 899 944 936 molesta
976 900 1091 947 vivis,

213 962 289 999 Per
319 976 436 1012 quam
467 976 546 999 non
576 963 666 1000 licet
699 976 780 1000 esse
817 964 1110 1013 neglegentem.'

672 1147 743 1181 XI.

212 1228 308 1265 Furi
337 1233 376 1265 et
404 1229 556 1275 Aureli,
589 1229 749 1266 comites
779 1229 937 1275 Catulli,

211 1293 302 1330 Sive
331 1293 372 1329 in
401 1299 596 1330 extremos
625 1294 848 1343 penetrabit
877 1295 1009 1340 Indos,

211 1358 326 1395 Litus
354 1363 400 1395 ut
429 1359 541 1408 longe
570 1363 777 1395 resonante
805 1359 889 1395 an

531 1423 730 1460 Tunditur
756 1424 874 1470 unda,

209 1487 300 1524 Sive
328 1487 371 1524 in
400 1487 608 1536 Hyrcanos
637 1488 867 1537 Arabesque
896 1488 1045 1534 molles,
1276 1489 1299 1527 6

210 1552 286 1589 Seu
317 1552 431 1589 Sacas
460 1552 775 1601 sagittiferosque
805 1552 985 1598 Parthos,

209 1616 300 1653 Sive
328 1629 427 1665 quae
455 1617 784 1665 septemgeminus
812 1617 958 1654 colorat

530 1682 716 1730 Aequora
736 1682 867 1727 Nilus,

208 1745 298 1782 Sive
327 1750 436 1782 trans
463 1746 564 1783 altas
591 1746 792 1795 gradietur
819 1746 955 1796 Alpes,

207 1810 382 1848 Caesaris
411 1811 540 1847 visens
570 1811 811 1847 monimenta
839 1811 981 1860 magni,
1249 1811 1297 1850 10

205 1873 403 1912 Gallicum
432 1875 617 1911 Rhenum
647 1875 927 1924 horribilesque
957 1875 1048 1912 ulti«

526 1953 686 1989 mosque
716 1940 940 1986 Britannos,

205 2004 347 2041 Omnia
375 2004 479 2051 haec,
511 2017 777 2054 quaecumque
805 2005 904 2042 feret
932 2004 1116 2042 voluntas

204 2070 408 2115 Caelitum,
439 2074 632 2119 temptare
660 2070 776 2107 simul
806 2070 943 2119 parati,
