1383 2365
76 90 125 129 38
521 89 825 128 OATULLUS.

75 212 326 262 Nequiquam
358 211 470 248 vanis
496 210 711 260 jactantem
743 223 887 247 cornua
917 209 1056 247 ventis.

75 278 174 314 Inde
204 276 342 326 pedem
372 288 502 324 sospes
533 275 659 312 multa
689 288 776 312 cum
808 274 924 312 laude
954 273 1109 311 reflexit

76 340 307 379 Errabunda
337 353 473 390 regens
504 340 614 376 tenui
644 339 809 389 vestigia
838 340 914 386 filo,

77 406 137 445 Ne
166 405 424 455 labyrintheis
454 418 473 441 e
502 404 669 441 flexibus
698 404 959 453 egredientem
1201 404 1274 441 115

76 472 185 509 Tecti
214 471 470 508 frustraretur
498 469 796 507 inobservabilis
825 483 940 507 error.

132 536 207 573 Sed
236 535 331 585 quid
359 548 439 584 ego,
471 548 493 571 a
522 535 647 584 primo
676 534 870 584 digressus
899 535 1070 572 carmine
1098 536 1211 585 plura

80 602 397 646 Commemorem,
430 604 474 636 ut
501 599 683 648 linquens
711 599 897 649 genitoris
925 600 1006 636 filia
1034 601 1200 647 vultum,

82 666 142 704 Ut
170 665 477 714 consanguineae
504 665 760 714 complexum,
791 668 837 701 ut
864 664 1031 714 denique
1058 665 1206 711 matris,

82 732 190 776 Quae
218 730 360 767 misera
387 729 429 766 in
456 734 551 766 nata
580 730 781 779 deperdita
809 729 1036 776 laetabatur,
1204 731 1280 768 120

83 796 275 834 Omnibus
302 794 364 831 his
392 794 528 831 Thesei
558 793 710 830 dulcem
738 794 978 843 praeoptarit
1006 807 1188 841 amorem,

83 862 170 898 Aut
197 864 243 896 ut
271 863 384 896 vecta
412 859 509 895 ratis
538 871 721 907 spumosa
750 858 799 895 ad
827 858 945 895 litora
973 858 1073 896 Diae

86 924 248 970 Venerit,
280 928 349 961 aut
377 928 423 960 ut
451 936 537 960 eam
566 922 788 960 devinctam
817 923 968 960 lumina
996 937 1129 961 somno

85 989 264 1039 Liquerit
292 988 512 1025 immemori
541 987 740 1024 discedens
769 992 924 1037 pectore
952 989 1104 1037 conjux.

86 1055 207 1103 Saepe
235 1053 343 1090 illam
373 1052 581 1102 perhibent
609 1052 765 1089 ardenti
793 1053 907 1090 corde
935 1053 1132 1090 furentem
1209 1054 1281 1090 125

87 1119 308 1157 Clarisonas
336 1118 416 1155 imo
444 1117 591 1154 fudisse
619 1129 641 1154 e
669 1122 822 1166 pectore
851 1130 974 1164 voces,

88 1186 148 1222 Ac
175 1188 261 1220 tum
290 1187 519 1232 praeruptos
550 1182 706 1219 tristem
734 1183 988 1220 conscendere
1016 1188 1168 1220 montes

89 1249 207 1287 Unde
235 1248 356 1285 aciem
385 1247 427 1283 in
455 1247 583 1296 pelagi
610 1251 743 1284 vastos
771 1248 1021 1296 protenderet
1050 1253 1189 1294 aestus,

87 1313 189 1351 Tum
219 1312 379 1349 tremuli
408 1311 500 1349 salis
528 1312 712 1349 adversas
742 1324 967 1361 procurrere
997 1313 1039 1349 in
1068 1313 1192 1350 undas

89 1378 229 1416 Mollia
257 1377 427 1414 nudatae
455 1376 659 1414 tollentem
688 1376 862 1426 tegmina
890 1390 1011 1424 surae,
1212 1378 1287 1414 130

89 1443 221 1493 Atque
250 1442 343 1479 haec
371 1441 558 1478 extremis
585 1446 773 1478 maestam
801 1441 947 1478 dixisse
975 1442 1168 1491 querellis,

91 1508 312 1557 Frigidulos
340 1507 417 1543 udo
447 1506 643 1555 singultus
672 1519 737 1542 ore
767 1507 944 1544 cientem.

145 1572 154 1590 ‘
172 1569 299 1607 Sicine
327 1583 388 1606 me
417 1571 555 1619 patriis
583 1575 770 1616 avectam,
802 1571 958 1619 perfide,
989 1571 1036 1606 ab
1064 1570 1154 1617 aris,

91 1635 255 1681 Perside,
286 1635 438 1672 deserto
466 1635 618 1684 liquisti
647 1635 688 1671 in
717 1635 843 1681 litore,
876 1635 1052 1672 Theseu?

91 1700 219 1737 Sicine
247 1700 445 1737 discedens
473 1700 649 1749 neglecto
678 1700 839 1736 numine
868 1700 1005 1736 divum
1216 1701 1288 1738 135

91 1761 301 1799 Immemor
329 1774 352 1797 a
380 1762 522 1798 devota
551 1762 711 1798 domum
740 1762 913 1811 perjuria
941 1764 1100 1812 portas?

90 1826 263 1865 Nullane
292 1840 353 1863 res
381 1827 512 1876 potuit
541 1826 710 1863 crudelis
738 1827 892 1864 flectere
921 1829 1063 1865 mentis

92 1891 338 1928 Consilium'l
365 1891 440 1927 tibi
469 1891 580 1927 nulla
607 1891 685 1927 fuit
714 1892 921 1929 clementia
950 1898 1113 1942 praesto,

92 1956 252 1993 Immite
282 1959 326 1992 ut
355 1956 479 1992 nostri
509 1956 629 1992 vellet
658 1956 903 1994 miserescere
932 1959 1094 2006 pectus?

94 2021 150 2057 At
178 2034 258 2057 non
286 2020 378 2057 haec
407 2021 603 2069 quondam
632 2021 744 2057 nobis
772 2021 961 2070 promissa
990 2022 1132 2058 dedisti
1217 2023 1291 2060 140

96 2084 213 2131 Voce,
248 2084 346 2121 mihi
374 2097 453 2121 non
482 2084 576 2120 haec
606 2085 768 2121 miserae
797 2098 951 2133 sperare
977 2086 1155 2133 jubebas,
