1383 2365
123 112 174 149 48
567 117 874 156 OATULLUS.

656 332 775 367 LXV.

120 414 204 452 Etsi
239 428 300 451 me
333 413 488 451 assiduo
518 413 736 450 confectum
767 426 859 449 cura
891 412 1023 450 dolore

172 480 336 517 Sevocat
368 493 392 515 a
424 479 558 524 doctis,
595 478 742 524 Ortale‚
777 478 1009 527 virginibus,

120 545 202 582 Nec
232 544 335 594 potis
369 548 428 581 est
461 543 592 580 dulces
625 543 832 580 Musarum
866 555 1092 591 expromere
1129 543 1234 579 fetus

173 608 290 645 Mens
323 608 468 645 animi:
512 608 634 644 tantis
667 608 834 644 fluctuat
866 607 951 657 ipsa
980 607 1150 644 malis—

120 674 303 723 Namque
336 673 414 709 mei
447 685 571 721 nuper
610 672 781 709 Lethaeo
814 672 968 721 gurgite
1000 671 1134 708 fratris
1294 670 1316 710 5

174 737 417 774 Pallidulum
450 750 614 773 manans
648 736 762 773 alluit
797 737 902 773 unda
936 736 1085 785 pedem,

121 802 236 839 Troia
264 802 442 838 Rhaeteo
470 813 585 850 quem
615 800 751 838 subter
793 801 906 838 litore
940 801 1058 838 tellus

176 868 367 916 Ereptum
400 866 544 903 nostris
578 866 723 902 obterit
756 879 805 902 ex
839 866 969 903 oculis.

124 933 328 981 Alloquar,
360 932 520 968 audiero
553 944 755 980 nunquam
788 935 858 967 tua
876 930 993 978 sacta
1025 931 1276 980 loquentem?

175 996 389 1046 Nunquam
424 1008 493 1044 ego
526 1000 575 1042 te,
613 995 696 1031 vita
729 995 853 1032 frater
885 995 1103 1041 amabilior,
1272 994 1320 1033 10

127 1062 325 1112 Aspiciam
358 1061 543 1110 posthac?
617 1060 676 1096 At
713 1064 816 1097 certe
850 1073 1001 1109 semper
1037 1060 1186 1106 amabo,

178 1127 339 1176 Semper
371 1129 519 1162 maesta
551 1129 621 1161 tua
654 1125 828 1162 carmina
861 1128 985 1161 morte
1019 1137 1165 1170 canam,

124 1191 264 1237 Qualia
302 1191 375 1228 sub
409 1190 538 1227 densis
571 1202 769 1226 ramorum
804 1189 976 1226 concinit
1014 1189 1162 1225 umbris

178 1257 354 1301 Daulias,
395 1255 593 1304 absumpti
628 1255 710 1290 fata
748 1267 906 1303 gemens
944 1253 1098 1302 Ityli——

123 1322 199 1360 Sed
237 1327 369 1358 tamen
406 1320 449 1356 in
486 1319 609 1356 tantis
650 1319 900 1364 maeroribus,
934 1318 1081 1364 Ortale,
1126 1317 1244 1354 mitto
1275 1317 1322 1355 15

179 1387 290 1423 Haec
323 1397 505 1434 expressa
544 1383 618 1420 tibi
656 1383 829 1420 carmina
868 1383 1088 1429 Battiadae,

126 1452 188 1489 Ne
227 1456 298 1488 tua
335 1449 439 1486 dicta
477 1448 587 1498 vagis
625 1447 863 1496 nequiquam
903 1447 1051 1483 eredita
1087 1445 1216 1483 ventis

180 1515 389 1553 Effluxisse
419 1526 504 1550 meo
536 1513 636 1549 forte
670 1516 783 1561 putes
818 1511 961 1557 animo,

127 1581 187 1619 Ut
220 1581 382 1617 missum
416 1578 547 1628 sponsi
585 1577 734 1613 furtivo
770 1589 930 1612 munere
964 1576 1109 1612 malum

180 1645 379 1682 Procurrit
411 1647 517 1680 casto
546 1641 710 1691 virginis
740 1655 760 1677 e
788 1641 946 1690 gremio,
1274 1639 1325 1676 20

127 1711 241 1756 Quod
272 1709 447 1754 miserae,
481 1707 626 1745 oblitae
668 1706 777 1743 molli
816 1706 888 1742 sub
926 1709 1034 1742 veste
1073 1704 1257 1748 locatum,

181 1776 288 1811 Dum
321 1774 494 1810 adventu
528 1771 666 1808 matris
699 1770 862 1819 prosilit,
899 1769 1108 1813 excutitur,

131 1841 262 1888 Atque
295 1838 394 1875 illud
432 1850 554 1887 prono
587 1847 768 1885 praeceps
802 1835 930 1883 agitur
970 1834 1145 1878 decursu,

183 1904 288 1941 Huic
322 1906 456 1939 manat
490 1900 591 1937 tristi
629 1899 804 1937 conscius
838 1912 903 1935 ore
938 1898 1066 1935 rubor.
