1383 2365
487 127 791 166 OATULLUS.
1187 129 1231 166 41

50 247 132 285 Tali
160 252 300 294 mente,
331 248 433 294 deae,
464 245 635 284 funestet
664 261 780 297 seque
808 246 1023 297 suosque?

102 312 189 349 Has
217 317 421 361 postquam
448 316 594 349 maesto
623 312 797 361 profudit
826 317 978 361 pectore
1011 325 1130 358 voces,

49 377 289 426 Supplicium
317 377 443 413 saevis
471 389 681 426 exposcens
709 377 827 413 anxia
855 377 977 422 factis,

49 441 206 478 Annuit
233 441 381 477 invicto
410 441 618 477 caelestum
647 442 807 477 numine
838 446 972 486 rector,
1163 441 1237 477 205

49 506 135 551 Quo
167 510 259 542 tunc
288 510 327 541 et
355 505 473 541 tellus
501 509 618 554 atque
647 506 805 542 horrida
833 510 1101 542 contremuere

49 571 234 619 Aequora
261 569 530 619 concussitque
559 570 745 606 micantia
774 570 902 606 sidera
931 570 1111 607 mundus.

48 634 138 683 Ipse
166 639 298 671 autem
326 647 436 671 caeca
464 638 635 670 mentem
664 634 828 683 caligine
857 633 1029 671 Theseus

49 698 232 735 Oonsitus
260 698 381 735 oblito
410 698 560 735 dimisit
588 702 741 747 pectore
770 703 920 744 cuncta,

49 763 157 808 Quae
185 763 367 799 mandata
396 763 505 812 prius
533 763 730 799 constanti
758 768 889 800 mente
918 763 1100 809 tenebat;
1164 764 1239 800 210

47 827 189 864 Dulcia
216 840 285 864 nec
314 831 459 863 maesto
488 827 696 864 sustollens
725 826 834 876 signa
862 827 1015 875 parenti

49 891 241 940 Sospitem
271 891 534 927 Erechtheum
562 904 602 928 se
631 892 803 928 ostendit
830 892 955 928 visere
984 897 1150 941 portum.

48 955 227 1005 Namque
255 955 389 992 ferunt
418 956 521 1001 olim,
553 956 666 992 classi
694 969 782 992 cum
812 957 964 994 moenia
993 957 1106 993 divae

48 1019 309 1069 Linquentem
337 1024 475 1056 natum
504 1020 633 1057 ventis
662 1021 907 1057 concrederet
938 1022 1105 1070 Aegeus,

48 1085 157 1121 Talia
184 1085 427 1133 complexum
453 1085 592 1133 juveni
622 1085 806 1121 mandata
835 1085 995 1122 dedisse.
1164 1087 1238 1122 215

104 1148 241 1195 ‘Nam
258 1149 355 1185 mihi
383 1150 498 1198 longa
520 1148 732 1197 jucundior
760 1149 874 1186 unice
904 1150 997 1196 vita,

50 1213 251 1263 Nate,ego
279 1226 393 1262 quem
421 1213 463 1249 in
491 1213 628 1250 dubios
656 1227 770 1263 cogor
798 1213 998 1250 dimittere
1027 1228 1147 1260 casus,

49 1278 216 1317 Reddite
243 1278 286 1314 in
313 1282 488 1314 extrema
515 1291 640 1327 nuper
668 1278 766 1314 mihi
794 1279 871 1315 fine
900 1284 1086 1325 senectae,

50 1342 373 1392 Quandoquidem
401 1343 560 1379 fortuna
588 1355 674 1379 mea
701 1356 745 1379 ac
774 1347 843 1379 tua
872 1343 1022 1380 fervida
1051 1344 1179 1380 virtus

49 1407 180 1456 Eripit
207 1407 333 1443 invito
362 1407 459 1443 mihi
487 1412 536 1452 te,
568 1407 631 1444 cui
660 1407 845 1455 languida
874 1408 1046 1444 nondum
1164 1409 1239 1444 220

50 1472 218 1509 Lumina
245 1476 338 1507 sunt
366 1472 450 1507 nati
478 1485 565 1508 cara
593 1477 768 1508 saturata
797 1472 930 1521 figura,

50 1536 141 1574 Non
169 1549 238 1585 ego
265 1542 305 1573 te
333 1537 504 1585 gaudens
532 1536 696 1573 laetanti
725 1541 879 1585 pectore
906 1537 1063 1573 mittam

51 1600 133 1639 Nec
161 1605 200 1637 te
228 1600 327 1637 serre
355 1601 481 1637 sinam
509 1600 688 1637 fortunae
718 1600 827 1649 signa
855 1602 1054 1647 secundae,

36 1663 125 1703 ⁴Sed
153 1665 322 1714 primum
351 1665 494 1702 multas
523 1678 747 1714 expromam
779 1669 908 1701 mente
935 1665 1136 1714 querellas,

50 1730 243 1767 Canitiem
272 1734 377 1766 terra
405 1734 522 1779 atque
550 1729 679 1766 infuso
708 1729 868 1778 pulvere
897 1729 1080 1777 foedans3
1164 1731 1239 1767 225

50 1794 148 1831 [nde
175 1794 320 1831 infecta
347 1807 445 1843 vago
473 1794 706 1843 suspendam
735 1793 857 1830 lintea
884 1793 997 1839 malo,

49 1858 211 1896 Nostros
241 1863 285 1895 ut
312 1859 441 1895 luctus
469 1862 701 1906 nostraeque
730 1858 909 1894 incendia
938 1858 1082 1895 mentis

50 1923 240 1960 Carbasus
268 1924 473 1959 obscurata
500 1923 602 1959 dicet
630 1922 825 1971 ferrugine
847 1922 1007 1959 Hibera..

50 1987 161 2035 Quod
189 1987 263 2024 tibi
291 1987 324 2024 si
351 1988 477 2024 sancti
504 1987 735 2024 concesserit
763 1986 890 2023 incola
919 1986 1038 2032 Itoni,

51 2052 158 2097 Quae
187 2056 365 2088 nostrum
393 2065 514 2100 genus
534 2063 573 2087 et
593 2051 701 2088 sedes
721 2050 926 2087 defendere
948 2051 1131 2088 Erechthi
1166 2052 1241 2089 230

55 2115 219 2160 Annuit,
251 2120 296 2152 ut
325 2116 429 2151 tauri
458 2128 656 2164 respergas
684 2115 872 2164 sanguine
901 2114 1091 2162 dextram,
