1383 2365
466 128 764 166 APPENDIX
795 129 850 165 II.

345 260 373 280 a.
403 248 575 288 Indefinite
588 248 765 289 phrases-
773 247 969 280 continued.

59 327 192 350 XXXVII.
210 320 239 357 4,
256 319 412 357 quicquid
427 321 476 349 est
490 319 682 358 puellarum.

59 367 139 389 XXX.
158 360 205 396 13,
224 359 380 397 quicquid
395 361 443 388 est
457 359 545 388 domi
559 359 798 388 cachinnorum.

59 406 167 428 LXVIII
182 406 213 427 A.
231 399 279 434 28,
297 398 443 436 quisquis
458 398 497 427 de
513 398 643 428 meliore
658 399 736 427 nota
751 404 809 428 est.

58 444 93 467 II.
111 437 139 473 2,
157 440 317 475 quantum
332 440 381 467 est
395 437 563 466 hominum
578 437 813 469 venustiorum.

59 484 104 506 IX.
122 477 170 513 10,
188 479 346 514 quantum
361 479 411 506 est
425 477 591 506 hominum
608 476 799 506 beatiorum.

58 523 133 545 XLV.
152 515 179 551 5,
198 518 355 553 quantum
372 515 428 553 qui
443 517 517 553 pote
533 515 710 554 plurimum
724 516 838 553 perire.

58 562 87 584 V.
106 554 154 591 13,
172 557 301 584 tautum
317 555 487 584 basiorum.

58 601 127 623 XIV.
147 595 174 630 7,
192 596 322 623 tantum
337 594 520 632 impiorum.

59 640 153 663 XXIV.
172 633 199 669 2,
217 643 282 663 non
297 633 411 663 horum
426 633 522 663 modo
537 632 593 663 sed
607 635 688 671 quot
702 635 760 662 aut
776 634 922 669 fuerunt,

216 674 274 702 aut
289 674 366 702 sunt
381 674 438 702 aut
452 672 524 702 aliis
539 674 636 702 erunt
650 672 682 702 in
699 673 801 702 annis.
822 680 892 702 XXI.
911 674 939 709 2,
958 680 1050 702 XLIX.
1073 673 1096 701 2.

57 718 93 741 11.
111 711 140 746 6,
159 721 266 742 carum
281 712 388 742 nescio
402 711 491 749 quid.

58 758 103 780 VI.
121 752 150 788 4,
167 751 274 780 nescio
289 751 369 789 quid
384 750 572 780 febriculosi
586 751 694 781 scorti.

57 797 206 820 XXXVIII.
225 791 253 827 7,
270 790 403 828 paulum
419 790 498 828 quid
512 790 593 820 libet
607 790 823 820 allocutionis.

58 837 103 858 VI.
122 830 168 865 14,
187 828 220 858 ni
235 831 273 859 tu
288 829 367 867 quid
382 829 480 859 facias
494 828 702 867 ineptiarum.

58 876 133 898 XIII.
152 869 200 903 10,
217 878 273 898 seu
288 869 367 906 quid
382 868 511 898 suavius
526 869 745 906 elegantiusve
762 871 820 898 est.

59 915 140 937 XLII.
159 908 206 944 14,
224 910 281 937 aut
296 908 323 937 si
336 907 497 946 perditius
512 910 621 946 potest
636 907 715 946 quid
730 918 808 937 esse.

59 954 144 977 XXII.
163 947 210 984 13,
228 950 286 976 aut
301 947 328 976 si
343 947 422 984 quid
434 947 493 976 hac
508 957 542 976 re
558 948 669 977 tritius
684 947 866 977 videbatur.

60 993 189 1016 LXXXII.
208 986 237 1023 2,
254 988 312 1016 aut
326 986 416 1016 aliud
432 986 459 1015 si
473 986 553 1024 quid
568 987 672 1016 carius
687 988 737 1016 est
751 986 862 1016 oculis.

465 1101 497 1134 b.
526 1101 711 1140 Colloqaial
726 1102 853 1134 idioms.

60 1182 109 1204 III.
127 1174 175 1209 13,
193 1173 282 1203 vobis
298 1172 381 1202 male
397 1172 449 1209 sit,
467 1180 499 1202 X.
518 1173 564 1208 Is,
584 1172 731 1209 nmligne,
750 1180 820 1202 le.
840 1173 886 1209 10,
905 1173 984 1202 bene
1001 1183 1036 1202 ac
1055 1175 1154 1204 beata.

59 1221 88 1243 V.
107 1214 135 1250 3,
153 1212 249 1242 unius
264 1213 473 1242 aestimemus
488 1212 576 1241 assis.

59 1260 142 1282 XVII.
163 1253 209 1288 17,
227 1262 285 1282 nec
300 1251 358 1289 pili
374 1251 454 1280 facit
469 1251 536 1280 uni.

59 1299 117 1321 VII.
137 1292 164 1327 2,
183 1291 249 1320 sint
264 1291 342 1320 satis
358 1300 528 1328 superque.

60 1339 92 1361 X.
109 1332 138 1367 6,
156 1330 233 1368 quid
249 1332 333 1360 esset
346 1330 413 1367 jam
428 1329 594 1367 Bithynia,
612 1330 773 1368 quomodo
789 1340 821 1359 se
836 1329 990 1359 haberet?

68 1393 88 1407 ‚‚
108 1371 137 1406 9,
154 1370 188 1399 id
203 1370 289 1407 quod
303 1370 381 1398 erat.

68 1433 88 1447 ‚,
110 1410 158 1446 11,
176 1419 232 1438 cur
246 1408 417 1446 quisquam
433 1410 530 1445 caput
545 1408 676 1437 unctius
691 1408 838 1438 referret.

69 1472 89 1486 ‚,
109 1448 156 1485 17,
173 1458 275 1477 unum
290 1447 481 1477 beatiorum.

61 1495 147 1518 XXII.
164 1487 211 1523 10,
229 1496 314 1516 unus
328 1486 544 1524 caprimulgus
559 1488 616 1515 aut
630 1486 740 1516 fossor.

61 1534 194 1558 XXXVII.
212 1526 259 1563 16,
276 1528 315 1555 tu
329 1527 457 1564 praeter
471 1535 581 1555 omnes
594 1535 659 1555 une
673 1526 712 1555 de
727 1525 895 1563 capillatis.

62 1575 93 1596 X.
112 1566 159 1602 29,
177 1566 263 1602 fugit
278 1575 328 1594 me
343 1564 435 1594 ratio.

62 1614 108 1636 XI.
126 1605 173 1641 20,
190 1604 248 1634 ilia
261 1613 419 1642 rumpere.

62 1653 108 1675 IX.
127 1645 154 1681 2,
173 1643 262 1674 milia
275 1645 421 1673 trecenta
437 1641 447 1680 (
459 1655 488 1667 =
502 1642 820 1681 plurima)—passz?m.

63 1691 147 1714 XVII.
167 1684 195 1719 5,
213 1693 253 1712 ex
267 1686 326 1712 tua
339 1681 485 1712 libidine.

102 1746 122 1760 ‚‚
166 1723 213 1760 18,
230 1732 271 1752 ex
285 1732 343 1751 sua
357 1723 459 1759 parte.

64 1770 114 1792 ΙΙΙ.
132 1762 180 1797 17,
198 1764 256 1791 tua
270 1770 377 1799 opera.

63 1808 145 1832 XVII.
164 1801 212 1837 12,
230 1810 289 1830 nec
303 1800 389 1838 sapit
404 1798 498 1837 pueri
514 1799 632 1829 instar.

64 1848 159 1870 XXIX.
178 1840 225 1877 23,
243 1849 321 1869 eone
335 1839 475 1868 nomine.

64 1886 184 1909 XXXVI.
202 1880 248 1915 16,
266 1879 434 1915 acceptum
450 1878 519 1907 face
534 1878 774 1916 reddit-umque.

64 1925 187 1948 XXVIII.
206 1919 234 1955 8,
251 1918 355 1947 refero
370 1917 484 1946 datum
499 1917 624 1946 lucello.

66 1965 155 1988 XLIV.
173 1957 201 1993 4,
219 1956 333 2002 quovis
346 1956 480 1994 pignore
495 1956 699 1986 contendere.

65 2004 132 2026 LXI.
150 1996 198 2031 93,
216 2006 244 2025 SI
260 1997 327 2033 jam
341 1995 480 2024 videtur.

66 2043 155 2066 LXIV.
174 2036 241 2072 277,
259 2035 299 2064 ad
315 2044 348 2063 se
365 2033 502 2072 quisque
517 2033 733 2063 discedebant.

66 2082 171 2104 LXVII.
190 2075 236 2108 16,
255 2073 321 2103 sive
335 2073 369 2102 id
384 2083 446 2102 non
462 2075 538 2110 pote
554 2072 619 2102 sive
634 2075 721 2110 pote.

66 2121 146 2143 xcn.
166 2114 193 2150 3,
211 2113 288 2151 quia
302 2114 379 2142 sunt
393 2111 534 2142 totidem
548 2121 631 2143 mea..

70 2160 176 2183 XXXII.
197 2153 225 2189 1,
242 2152 367 2182 amabo.

1184 127 1254 166 183
