1383 2365
136 79 185 116 30
571 88 877 129 OATULLUS.

127 206 225 243 Cum
259 212 409 245 castum
443 209 575 246 amisit
607 210 757 259 polluto
788 224 945 261 corpore
983 212 1129 259 florem,
1275 213 1324 250 50

126 271 208 308 Nec
241 272 371 322 pueris
398 273 574 322 jucunda
599 279 743 321 manet,
778 289 848 313 nec
881 290 970 314 cara
999 277 1150 326 puellis.

129 337 289 387 Hymen
322 351 344 375 0
379 339 619 388 Hymenaee,
655 339 814 389 Hymen
848 342 940 378 ades
965 355 987 378 o
1026 342 1265 392 Hymenaee.

634 421 808 460 Juvenes.

127 484 187 521 Ut
220 484 339 520 vidua
371 484 413 521 in
447 486 553 522 nudo
580 486 674 523 vitis
707 499 806 536 quae
836 488 1010 524 nascitur
1043 501 1137 525 arvo

126 549 341 598 Nunquam
367 562 407 586 se
436 550 603 596 extollit,
632 564 833 601 nunquam
858 552 994 589 mitem
1025 553 1164 590 educat
1193 566 1323 601 uvam,

127 613 201 650 Sed
234 618 414 650 tenerum
444 627 566 663 prono
591 615 797 653 deflectens
830 617 998 665 pondere
1027 630 1166 667 corpus
1274 619 1322 655 55

125 679 218 716 Jam
247 679 330 728 jam
362 680 556 729 contingit
587 693 783 718 summum
816 682 944 718 radice
977 683 1185 730 flagellum,

128 743 244 780 Hanc
277 744 377 780 nulli
407 745 607 793 agricolae,
630 746 731 782 nulli
758 746 910 783 coluere
933 747 1119 796 juvenci:

129 808 185 844 At
217 808 251 845 si
288 808 388 845 forte
418 809 552 846 eadem
583 814 642 846 est
671 811 778 847 ulmo
812 812 1018 860 conjuncta
1050 812 1201 858 marito,

128 873 251 910 Multi
286 873 393 910 illam
431 874 633 922 agricolae,
668 875 786 911 multi
815 876 967 913 coluere
990 874 1162 924 juvenci.

127 938 190 975 Sic
220 938 342 987 virgo,
383 939 477 975 dum
515 939 665 976 intacta
703 945 845 987 manet,
886 941 978 978 dum
1016 942 1165 978 inculta
1201 953 1324 978 senes-

233 1004 310 1042 cit:
1273 1006 1322 1043 60

127 1070 226 1108 Cum
255 1083 326 1119 par
354 1070 565 1107 conubium
594 1075 747 1107 maturo
776 1075 950 1119 tempore
979 1070 1119 1119 adepta
1147 1073 1216 1116 est,

128 1135 227 1171 Cara
259 1133 344 1170 viro
375 1133 499 1182 magis
532 1137 572 1170 et
604 1133 734 1170 minus
765 1137 824 1170 est
852 1133 980 1170 invisa
1010 1133 1173 1183 parenti.

129 1264 181 1300 Et
212 1266 257 1299 tu
291 1276 340 1300 ne
374 1276 504 1312 pugna
539 1276 626 1299 cum
660 1262 731 1298 tali
764 1263 926 1311 conjuge
961 1262 1081 1311 virgo,

128 1393 220 1430 Non
250 1405 417 1442 aequum
450 1396 510 1429 est
537 1405 723 1441 pugnare,
751 1396 861 1440 pater
887 1391 950 1428 cuj
976 1391 1140 1428 tradidit
1164 1392 1256 1441 ipse,
1273 1392 1321 1429 65

127 1458 216 1507 Ipse
249 1461 360 1507 pater
391 1470 479 1494 cum
513 1460 648 1502 matre,
681 1456 823 1505 quibus
848 1469 983 1505 parere
1015 1469 1169 1494 necesse
1199 1460 1267 1494 est.

128 1522 348 1572 Virginitas
386 1535 466 1559 non
507 1526 591 1558 tota
627 1525 697 1558 tua
738 1525 824 1568 est3
869 1534 918 1557 ex
962 1525 1072 1570 parte
1116 1525 1320 1570 parentum

234 1592 293 1624 est

127 1651 258 1689 Tertia
290 1664 379 1700 pars
411 1651 526 1700 patri,
562 1664 650 1700 pars
683 1655 742 1688 est
771 1651 864 1687 data
896 1651 1013 1687 tertia
1050 1650 1177 1698 matri,

127 1716 258 1753 Tertia
292 1715 374 1752 sola
407 1719 477 1752 tua
510 1720 570 1752 est
585 1729 596 1762 3
642 1715 724 1752 noli
756 1728 929 1764 pugnare
955 1715 1117 1762 duobus,

129 1781 206 1826 Qui
238 1793 379 1830 genero
411 1793 481 1817 sua
509 1780 601 1828 jura
634 1779 751 1816 simul
784 1793 871 1816 cum
906 1780 994 1817 dote
1022 1780 1224 1818 dederunt.
1274 1779 1322 1818 70

129 1910 290 1958 Hymen
322 1922 346 1947 ο
378 1909 618 1958 Hymenaee,
655 1909 816 1958 Hymen
849 1909 940 1945 ades
973 1922 996 1946 o
1026 1908 1266 1958 Hymenaee.

658 2017 808 2052 LXIII.

128 2092 252 2144 Super
281 2093 361 2129 alta
389 2096 524 2129 vectus
557 2092 666 2130 Attis
694 2092 808 2129 celeri
839 2098 922 2129 rate
960 2092 1095 2139 maria,
