<?xml version="1.0" encoding="UTF-8"?>
<!DOCTYPE html PUBLIC "-//W3C//DTD XHTML 1.0 Transitional//EN"
    "http://www.w3.org/TR/xhtml1/DTD/xhtml1-transitional.dtd">
<html xmlns="http://www.w3.org/1999/xhtml" xml:lang="en" lang="en">
 <head>
  <title>
</title>
<meta http-equiv="Content-Type" content="text/html;charset=utf-8" />
  <meta name='ocr-system' content='tesseract 3.04.00' />
  <meta name='ocr-capabilities' content='ocr_page ocr_carea ocr_par ocr_line ocrx_word'/>
</head>
<body>
  <div class='ocr_page' id='page_1' title='image "./selectpoemsofcat00catu_0056.png"; bbox 0 0 1383 2365; ppageno 0'>
   <div class='ocr_carea' id='block_1_1' title="bbox 526 95 830 134">
    <p class='ocr_par' dir='ltr' id='par_1_1' title="bbox 526 95 830 134">
     <span class='ocr_line' id='line_1_1' title="bbox 526 95 830 134; baseline 0.003 -1"><span class='ocrx_word' id='word_1_1' title='bbox 526 95 830 134; x_wconf 80' lang='lat' dir='ltr'><strong>OATULLUS.</strong></span> 
     </span>
    </p>
   </div>
   <div class='ocr_carea' id='block_1_2' title="bbox 188 216 1281 834">
    <p class='ocr_par' dir='ltr' id='par_1_2' title="bbox 188 216 943 265">
     <span class='ocr_line' id='line_1_2' title="bbox 188 216 943 265; baseline -0.003 -10"><span class='ocrx_word' id='word_1_2' title='bbox 188 217 297 255; x_wconf 85' lang='lat' dir='ltr'><strong>Soles</strong></span> <span class='ocrx_word' id='word_1_3' title='bbox 324 216 495 255; x_wconf 85' lang='lat' dir='ltr'><strong>occidere</strong></span> <span class='ocrx_word' id='word_1_4' title='bbox 527 220 568 253; x_wconf 86' lang='lat' dir='ltr'><strong>et</strong></span> <span class='ocrx_word' id='word_1_5' title='bbox 600 216 725 253; x_wconf 81' lang='lat' dir='ltr'><strong>redire</strong></span> <span class='ocrx_word' id='word_1_6' title='bbox 754 220 943 265; x_wconf 86' lang='lat' dir='ltr'><strong>possunt:</strong></span> 
     </span>
    </p>

    <p class='ocr_par' dir='ltr' id='par_1_3' title="bbox 189 279 1276 395">
     <span class='ocr_line' id='line_1_3' title="bbox 189 279 1276 327; baseline -0.003 -8"><span class='ocrx_word' id='word_1_7' title='bbox 189 281 326 327; x_wconf 87' lang='lat' dir='ltr'><strong>Nobis,</strong></span> <span class='ocrx_word' id='word_1_8' title='bbox 356 294 445 319; x_wconf 87' lang='lat' dir='ltr'><strong>cum</strong></span> <span class='ocrx_word' id='word_1_9' title='bbox 478 280 596 318; x_wconf 88' lang='lat' dir='ltr'><strong>semel</strong></span> <span class='ocrx_word' id='word_1_10' title='bbox 626 281 768 318; x_wconf 84' lang='lat' dir='ltr'><strong>occidit</strong></span> <span class='ocrx_word' id='word_1_11' title='bbox 800 281 929 318; x_wconf 84' lang='lat' dir='ltr'><strong>brevis</strong></span> <span class='ocrx_word' id='word_1_12' title='bbox 962 280 1043 326; x_wconf 83' lang='lat' dir='ltr'><strong>lux,</strong></span> <span class='ocrx_word' id='word_1_13' title='bbox 1253 279 1276 316; x_wconf 84' lang='lat'><strong>5</strong></span> 
     </span>
     <span class='ocr_line' id='line_1_4' title="bbox 189 345 970 395; baseline 0 -12"><span class='ocrx_word' id='word_1_14' title='bbox 189 346 282 383; x_wconf 88' lang='lat' dir='ltr'><strong>Nox</strong></span> <span class='ocrx_word' id='word_1_15' title='bbox 312 350 371 383; x_wconf 83' lang='lat' dir='ltr'><strong>est</strong></span> <span class='ocrx_word' id='word_1_16' title='bbox 403 350 592 395; x_wconf 85' lang='lat' dir='ltr'><strong>perpetua</strong></span> <span class='ocrx_word' id='word_1_17' title='bbox 624 359 703 381; x_wconf 78' lang='lat' dir='ltr'><strong>una</strong></span> <span class='ocrx_word' id='word_1_18' title='bbox 736 345 970 383; x_wconf 84' lang='lat' dir='ltr'><strong>dormienda.</strong></span> 
     </span>
    </p>

    <p class='ocr_par' dir='ltr' id='par_1_4' title="bbox 190 407 1008 453">
     <span class='ocr_line' id='line_1_5' title="bbox 190 407 1008 453; baseline -0.002 -8"><span class='ocrx_word' id='word_1_19' title='bbox 190 409 253 445; x_wconf 84' lang='lat' dir='ltr'><strong>Da</strong></span> <span class='ocrx_word' id='word_1_20' title='bbox 285 408 341 445; x_wconf 83' lang='lat' dir='ltr'><strong>mi</strong></span> <span class='ocrx_word' id='word_1_21' title='bbox 373 407 482 444; x_wconf 86' lang='lat' dir='ltr'><strong>basia</strong></span> <span class='ocrx_word' id='word_1_22' title='bbox 515 407 632 453; x_wconf 82' lang='lat' dir='ltr'><strong>mille,</strong></span> <span class='ocrx_word' id='word_1_23' title='bbox 667 407 806 444; x_wconf 89' lang='lat' dir='ltr'><strong>deinde</strong></span> <span class='ocrx_word' id='word_1_24' title='bbox 839 411 1008 453; x_wconf 84' lang='lat' dir='ltr'><strong>eentum,</strong></span> 
     </span>
    </p>

    <p class='ocr_par' dir='ltr' id='par_1_5' title="bbox 189 472 1281 712">
     <span class='ocr_line' id='line_1_6' title="bbox 189 472 1124 519; baseline -0.002 -9"><span class='ocrx_word' id='word_1_25' title='bbox 189 473 294 510; x_wconf 82' lang='lat' dir='ltr'><strong>Dein</strong></span> <span class='ocrx_word' id='word_1_26' title='bbox 324 472 432 509; x_wconf 80' lang='lat' dir='ltr'><strong>mille</strong></span> <span class='ocrx_word' id='word_1_27' title='bbox 465 472 600 519; x_wconf 82' lang='lat' dir='ltr'><strong>altera,</strong></span> <span class='ocrx_word' id='word_1_28' title='bbox 634 472 725 508; x_wconf 91' lang='lat' dir='ltr'><strong>dein</strong></span> <span class='ocrx_word' id='word_1_29' title='bbox 755 473 924 509; x_wconf 83' lang='lat' dir='ltr'><strong>secunda</strong></span> <span class='ocrx_word' id='word_1_30' title='bbox 956 476 1124 519; x_wconf 85' lang='lat' dir='ltr'><strong>centum,</strong></span> 
     </span>
     <span class='ocr_line' id='line_1_7' title="bbox 190 537 1156 586; baseline 0 -12"><span class='ocrx_word' id='word_1_31' title='bbox 190 537 343 574; x_wconf 82' lang='lat' dir='ltr'>Deinde</span> <span class='ocrx_word' id='word_1_32' title='bbox 371 549 495 586; x_wconf 87' lang='lat' dir='ltr'><strong>usque</strong></span> <span class='ocrx_word' id='word_1_33' title='bbox 520 537 644 573; x_wconf 84' lang='lat' dir='ltr'><strong>altera</strong></span> <span class='ocrx_word' id='word_1_34' title='bbox 672 537 790 583; x_wconf 87' lang='lat' dir='ltr'><strong>mille,</strong></span> <span class='ocrx_word' id='word_1_35' title='bbox 820 537 960 573; x_wconf 88' lang='lat' dir='ltr'><strong>deinde</strong></span> <span class='ocrx_word' id='word_1_36' title='bbox 988 540 1156 574; x_wconf 83' lang='lat' dir='ltr'><strong>centum.</strong></span> 
     </span>
     <span class='ocr_line' id='line_1_8' title="bbox 191 598 1281 648; baseline 0.001 -10"><span class='ocrx_word' id='word_1_37' title='bbox 191 602 306 648; x_wconf 82' lang='lat' dir='ltr'>Dein,</span> <span class='ocrx_word' id='word_1_38' title='bbox 336 615 425 638; x_wconf 87' lang='lat' dir='ltr'><strong>cum</strong></span> <span class='ocrx_word' id='word_1_39' title='bbox 453 601 563 637; x_wconf 86' lang='lat' dir='ltr'><strong>milia</strong></span> <span class='ocrx_word' id='word_1_40' title='bbox 593 601 716 637; x_wconf 86' lang='lat' dir='ltr'><strong>multa</strong></span> <span class='ocrx_word' id='word_1_41' title='bbox 743 601 959 647; x_wconf 83' lang='lat' dir='ltr'><strong>fecerimus,</strong></span> <span class='ocrx_word' id='word_1_42' title='bbox 1232 598 1281 639; x_wconf 89' lang='lat'><strong>10</strong></span> 
     </span>
     <span class='ocr_line' id='line_1_9' title="bbox 191 666 914 712; baseline -0.003 -8"><span class='ocrx_word' id='word_1_43' title='bbox 191 666 522 705; x_wconf 82' lang='lat' dir='ltr'><strong>Conturbabimus</strong></span> <span class='ocrx_word' id='word_1_44' title='bbox 549 666 628 712; x_wconf 82' lang='lat' dir='ltr'><strong>illa,</strong></span> <span class='ocrx_word' id='word_1_45' title='bbox 659 679 708 702; x_wconf 89' lang='lat' dir='ltr'><strong>ne</strong></span> <span class='ocrx_word' id='word_1_46' title='bbox 737 666 914 712; x_wconf 80' lang='lat' dir='ltr'><strong>sciamus,</strong></span> 
     </span>
    </p>

    <p class='ocr_par' dir='ltr' id='par_1_6' title="bbox 190 730 991 780">
     <span class='ocr_line' id='line_1_10' title="bbox 190 730 991 780; baseline -0.001 -12"><span class='ocrx_word' id='word_1_47' title='bbox 190 732 278 768; x_wconf 91' lang='lat' dir='ltr'><strong>Aut</strong></span> <span class='ocrx_word' id='word_1_48' title='bbox 306 745 354 768; x_wconf 89' lang='lat' dir='ltr'><strong>ne</strong></span> <span class='ocrx_word' id='word_1_49' title='bbox 383 731 470 780; x_wconf 90' lang='lat' dir='ltr'><strong>quis</strong></span> <span class='ocrx_word' id='word_1_50' title='bbox 499 730 623 767; x_wconf 77' lang='lat' dir='ltr'><strong>malus</strong></span> <span class='ocrx_word' id='word_1_51' title='bbox 652 730 829 767; x_wconf 84' lang='lat' dir='ltr'><strong>invidere</strong></span> <span class='ocrx_word' id='word_1_52' title='bbox 856 730 991 779; x_wconf 82' lang='lat' dir='ltr'><strong>possit,</strong></span> 
     </span>
    </p>

    <p class='ocr_par' dir='ltr' id='par_1_7' title="bbox 192 795 947 834">
     <span class='ocr_line' id='line_1_11' title="bbox 192 795 947 834; baseline -0.004 0"><span class='ocrx_word' id='word_1_53' title='bbox 192 796 292 834; x_wconf 82' lang='lat' dir='ltr'><strong>Cum</strong></span> <span class='ocrx_word' id='word_1_54' title='bbox 321 800 477 833; x_wconf 84' lang='lat' dir='ltr'><strong>tantum</strong></span> <span class='ocrx_word' id='word_1_55' title='bbox 505 795 605 832; x_wconf 84' lang='lat' dir='ltr'><strong>sciet</strong></span> <span class='ocrx_word' id='word_1_56' title='bbox 632 808 713 832; x_wconf 81' lang='lat' dir='ltr'><strong>esse</strong></span> <span class='ocrx_word' id='word_1_57' title='bbox 741 795 947 831; x_wconf 83' lang='lat' dir='ltr'><strong>basiorum.</strong></span> 
     </span>
    </p>
   </div>
   <div class='ocr_carea' id='block_1_3' title="bbox 639 919 728 954">
    <p class='ocr_par' dir='ltr' id='par_1_8' title="bbox 639 919 728 954">
     <span class='ocr_line' id='line_1_12' title="bbox 639 919 728 954; baseline 0.011 -1"><span class='ocrx_word' id='word_1_58' title='bbox 639 919 728 954; x_wconf 81' lang='lat' dir='ltr'><strong>VH.</strong></span> 
     </span>
    </p>
   </div>
   <div class='ocr_carea' id='block_1_4' title="bbox 191 1000 1286 1761">
    <p class='ocr_par' dir='ltr' id='par_1_9' title="bbox 195 1000 883 1051">
     <span class='ocr_line' id='line_1_13' title="bbox 195 1000 883 1051; baseline 0 -13"><span class='ocrx_word' id='word_1_59' title='bbox 195 1001 370 1049; x_wconf 77' lang='lat' dir='ltr'><strong>Quaeris,</strong></span> <span class='ocrx_word' id='word_1_60' title='bbox 401 1005 498 1051; x_wconf 88' lang='lat' dir='ltr'><strong>quot</strong></span> <span class='ocrx_word' id='word_1_61' title='bbox 524 1000 621 1039; x_wconf 89' lang='lat' dir='ltr'><strong>mihi</strong></span> <span class='ocrx_word' id='word_1_62' title='bbox 648 1001 883 1038; x_wconf 78' lang='lat' dir='ltr'><strong>basiationes</strong></span> 
     </span>
    </p>

    <p class='ocr_par' dir='ltr' id='par_1_10' title="bbox 191 1065 953 1114">
     <span class='ocr_line' id='line_1_14' title="bbox 191 1065 953 1114; baseline 0 -11"><span class='ocrx_word' id='word_1_63' title='bbox 191 1067 307 1114; x_wconf 85' lang='lat' dir='ltr'><strong>Tuae,</strong></span> <span class='ocrx_word' id='word_1_64' title='bbox 338 1066 489 1111; x_wconf 82' lang='lat' dir='ltr'><strong>Lesbia,</strong></span> <span class='ocrx_word' id='word_1_65' title='bbox 522 1066 602 1101; x_wconf 85' lang='lat' dir='ltr'><strong>sint</strong></span> <span class='ocrx_word' id='word_1_66' title='bbox 630 1065 724 1102; x_wconf 81' lang='lat' dir='ltr'><strong>satis</strong></span> <span class='ocrx_word' id='word_1_67' title='bbox 753 1078 953 1114; x_wconf 83' lang='lat' dir='ltr'><strong>superque.</strong></span> 
     </span>
    </p>

    <p class='ocr_par' dir='ltr' id='par_1_11' title="bbox 194 1129 1153 1245">
     <span class='ocr_line' id='line_1_15' title="bbox 194 1129 1153 1179; baseline -0.006 -11"><span class='ocrx_word' id='word_1_68' title='bbox 194 1131 321 1176; x_wconf 83' lang='lat' dir='ltr'><strong>Quam</strong></span> <span class='ocrx_word' id='word_1_69' title='bbox 354 1143 518 1179; x_wconf 82' lang='lat' dir='ltr'><strong>magnus</strong></span> <span class='ocrx_word' id='word_1_70' title='bbox 551 1142 738 1166; x_wconf 83' lang='lat' dir='ltr'><strong>numerus</strong></span> <span class='ocrx_word' id='word_1_71' title='bbox 770 1130 955 1179; x_wconf 82' lang='lat' dir='ltr'><strong>Libyssae</strong></span> <span class='ocrx_word' id='word_1_72' title='bbox 988 1129 1153 1165; x_wconf 78' lang='lat' dir='ltr'><strong>harenae</strong></span> 
     </span>
     <span class='ocr_line' id='line_1_16' title="bbox 195 1194 824 1245; baseline -0.003 -13"><span class='ocrx_word' id='word_1_73' title='bbox 195 1195 485 1245; x_wconf 84' lang='lat' dir='ltr'><strong>Laserpieiferis</strong></span> <span class='ocrx_word' id='word_1_74' title='bbox 514 1195 619 1243; x_wconf 83' lang='lat' dir='ltr'><strong>jacet</strong></span> <span class='ocrx_word' id='word_1_75' title='bbox 650 1194 824 1242; x_wconf 81' lang='lat' dir='ltr'><strong>Cyrenis,</strong></span> 
     </span>
    </p>

    <p class='ocr_par' dir='ltr' id='par_1_12' title="bbox 194 1258 1283 1373">
     <span class='ocr_line' id='line_1_17' title="bbox 195 1258 1283 1297; baseline -0.001 0"><span class='ocrx_word' id='word_1_76' title='bbox 195 1260 378 1297; x_wconf 84' lang='lat' dir='ltr'><strong>Oraelum</strong></span> <span class='ocrx_word' id='word_1_77' title='bbox 408 1259 436 1296; x_wconf 83' lang='lat' dir='ltr'><strong>J</strong></span> <span class='ocrx_word' id='word_1_78' title='bbox 439 1259 524 1296; x_wconf 88' lang='lat' dir='ltr'><strong>ovis</strong></span> <span class='ocrx_word' id='word_1_79' title='bbox 553 1259 658 1295; x_wconf 85' lang='lat' dir='ltr'><strong>inter</strong></span> <span class='ocrx_word' id='word_1_80' title='bbox 688 1259 858 1295; x_wconf 82' lang='lat' dir='ltr'><strong>aestuosi</strong></span> <span class='ocrx_word' id='word_1_81' title='bbox 1260 1258 1283 1296; x_wconf 81' lang='grc'><strong>5</strong></span> 
     </span>
     <span class='ocr_line' id='line_1_18' title="bbox 194 1324 1005 1373; baseline 0 -13"><span class='ocrx_word' id='word_1_82' title='bbox 194 1325 247 1361; x_wconf 88' lang='lat' dir='ltr'><strong>Et</strong></span> <span class='ocrx_word' id='word_1_83' title='bbox 276 1324 387 1361; x_wconf 81' lang='lat' dir='ltr'><strong>Batti</strong></span> <span class='ocrx_word' id='word_1_84' title='bbox 413 1324 556 1361; x_wconf 83' lang='lat' dir='ltr'><strong>veteris</strong></span> <span class='ocrx_word' id='word_1_85' title='bbox 583 1336 736 1360; x_wconf 81' lang='lat' dir='ltr'><strong>sacrum</strong></span> <span class='ocrx_word' id='word_1_86' title='bbox 760 1324 1005 1373; x_wconf 79' lang='lat' dir='ltr'><strong>sepulcrum3</strong></span> 
     </span>
    </p>

    <p class='ocr_par' dir='ltr' id='par_1_13' title="bbox 194 1388 1109 1490">
     <span class='ocr_line' id='line_1_19' title="bbox 194 1388 1109 1439; baseline -0.002 -13"><span class='ocrx_word' id='word_1_87' title='bbox 194 1389 281 1426; x_wconf 84' lang='lat' dir='ltr'><strong>Aut</strong></span> <span class='ocrx_word' id='word_1_88' title='bbox 309 1402 427 1439; x_wconf 84' lang='lat' dir='ltr'><strong>quam</strong></span> <span class='ocrx_word' id='word_1_89' title='bbox 453 1389 579 1425; x_wconf 83' lang='lat' dir='ltr'><strong>sidera</strong></span> <span class='ocrx_word' id='word_1_90' title='bbox 607 1388 741 1434; x_wconf 82' lang='lat' dir='ltr'><strong>multa,</strong></span> <span class='ocrx_word' id='word_1_91' title='bbox 770 1401 858 1424; x_wconf 85' lang='lat' dir='ltr'><strong>eum</strong></span> <span class='ocrx_word' id='word_1_92' title='bbox 888 1392 991 1425; x_wconf 81' lang='lat' dir='ltr'><strong>tacet</strong></span> <span class='ocrx_word' id='word_1_93' title='bbox 1019 1401 1109 1435; x_wconf 82' lang='lat' dir='ltr'><strong>nox,</strong></span> 
     </span>
     <span class='ocr_line' id='line_1_20' title="bbox 194 1452 981 1490; baseline 0 0"><span class='ocrx_word' id='word_1_94' title='bbox 194 1453 380 1490; x_wconf 85' lang='lat' dir='ltr'><strong>Furtivos</strong></span> <span class='ocrx_word' id='word_1_95' title='bbox 409 1453 612 1490; x_wconf 85' lang='lat' dir='ltr'><strong>hominum</strong></span> <span class='ocrx_word' id='word_1_96' title='bbox 641 1452 779 1489; x_wconf 86' lang='lat' dir='ltr'><strong>vident</strong></span> <span class='ocrx_word' id='word_1_97' title='bbox 806 1465 981 1490; x_wconf 84' lang='lat' dir='ltr'><strong>amores:</strong></span> 
     </span>
    </p>

    <p class='ocr_par' dir='ltr' id='par_1_14' title="bbox 193 1517 821 1555">
     <span class='ocr_line' id='line_1_21' title="bbox 193 1517 821 1555; baseline -0.002 -1"><span class='ocrx_word' id='word_1_98' title='bbox 193 1518 289 1555; x_wconf 82' lang='lat' dir='ltr'><strong>Tam</strong></span> <span class='ocrx_word' id='word_1_99' title='bbox 317 1523 356 1554; x_wconf 86' lang='lat' dir='ltr'><strong>te</strong></span> <span class='ocrx_word' id='word_1_100' title='bbox 388 1517 496 1554; x_wconf 82' lang='lat' dir='ltr'><strong>basia</strong></span> <span class='ocrx_word' id='word_1_101' title='bbox 522 1517 649 1553; x_wconf 85' lang='lat' dir='ltr'><strong>multa</strong></span> <span class='ocrx_word' id='word_1_102' title='bbox 673 1517 821 1554; x_wconf 83' lang='lat' dir='ltr'><strong>basiare</strong></span> 
     </span>
    </p>

    <p class='ocr_par' dir='ltr' id='par_1_15' title="bbox 194 1580 1286 1696">
     <span class='ocr_line' id='line_1_22' title="bbox 194 1580 1286 1631; baseline -0.002 -11"><span class='ocrx_word' id='word_1_103' title='bbox 194 1583 352 1620; x_wconf 81' lang='lat' dir='ltr'><strong>Vesano</strong></span> <span class='ocrx_word' id='word_1_104' title='bbox 376 1582 471 1619; x_wconf 84' lang='lat' dir='ltr'><strong>satis</strong></span> <span class='ocrx_word' id='word_1_105' title='bbox 504 1587 543 1619; x_wconf 89' lang='lat' dir='ltr'><strong>et</strong></span> <span class='ocrx_word' id='word_1_106' title='bbox 571 1595 687 1631; x_wconf 86' lang='lat' dir='ltr'><strong>super</strong></span> <span class='ocrx_word' id='word_1_107' title='bbox 716 1581 870 1619; x_wconf 77' lang='lat' dir='ltr'><strong>Catullo</strong></span> <span class='ocrx_word' id='word_1_108' title='bbox 899 1585 968 1629; x_wconf 85' lang='lat' dir='ltr'><strong>est,</strong></span> <span class='ocrx_word' id='word_1_109' title='bbox 1240 1580 1286 1621; x_wconf 87' lang='lat'><strong>10</strong></span> 
     </span>
     <span class='ocr_line' id='line_1_23' title="bbox 196 1646 893 1696; baseline -0.003 -12"><span class='ocrx_word' id='word_1_110' title='bbox 196 1648 306 1692; x_wconf 79' lang='lat' dir='ltr'><strong>Quae</strong></span> <span class='ocrx_word' id='word_1_111' title='bbox 336 1660 407 1684; x_wconf 91' lang='lat' dir='ltr'><strong>nec</strong></span> <span class='ocrx_word' id='word_1_112' title='bbox 440 1660 717 1696; x_wconf 78' lang='lat' dir='ltr'><strong>pernumerare</strong></span> <span class='ocrx_word' id='word_1_113' title='bbox 750 1646 893 1683; x_wconf 83' lang='lat' dir='ltr'><strong>curiosi</strong></span> 
     </span>
    </p>

    <p class='ocr_par' dir='ltr' id='par_1_16' title="bbox 195 1711 1002 1761">
     <span class='ocr_line' id='line_1_24' title="bbox 195 1711 1002 1761; baseline -0.001 -11"><span class='ocrx_word' id='word_1_114' title='bbox 195 1712 364 1759; x_wconf 87' lang='lat' dir='ltr'><strong>Possint,</strong></span> <span class='ocrx_word' id='word_1_115' title='bbox 399 1725 470 1749; x_wconf 84' lang='lat' dir='ltr'><strong>nee</strong></span> <span class='ocrx_word' id='word_1_116' title='bbox 500 1712 603 1748; x_wconf 83' lang='lat' dir='ltr'>mala</span> <span class='ocrx_word' id='word_1_117' title='bbox 635 1711 824 1749; x_wconf 77' lang='lat' dir='ltr'><strong>fascinare</strong></span> <span class='ocrx_word' id='word_1_118' title='bbox 858 1711 1002 1761; x_wconf 85' lang='lat' dir='ltr'><strong>lingua.</strong></span> 
     </span>
    </p>
   </div>
   <div class='ocr_carea' id='block_1_5' title="bbox 653 1826 722 1859">
    <p class='ocr_par' dir='ltr' id='par_1_17' title="bbox 653 1826 722 1859">
     <span class='ocr_line' id='line_1_25' title="bbox 653 1826 722 1859; baseline 0 0"><span class='ocrx_word' id='word_1_119' title='bbox 653 1826 722 1859; x_wconf 82' lang='lat' dir='ltr'><strong>IX.</strong></span> 
     </span>
    </p>
   </div>
   <div class='ocr_carea' id='block_1_6' title="bbox 196 1904 1123 2148">
    <p class='ocr_par' dir='ltr' id='par_1_18' title="bbox 196 1904 1123 2148">
     <span class='ocr_line' id='line_1_26' title="bbox 202 1904 913 1951; baseline 0 -10"><span class='ocrx_word' id='word_1_120' title='bbox 202 1905 359 1951; x_wconf 78' lang='lat' dir='ltr'><strong>Verani,</strong></span> <span class='ocrx_word' id='word_1_121' title='bbox 391 1905 571 1941; x_wconf 87' lang='lat' dir='ltr'><strong>omnibus</strong></span> <span class='ocrx_word' id='word_1_122' title='bbox 600 1918 620 1941; x_wconf 87' lang='lat' dir='ltr'><strong>e</strong></span> <span class='ocrx_word' id='word_1_123' title='bbox 650 1905 745 1947; x_wconf 84' lang='lat' dir='ltr'><strong>meis</strong></span> <span class='ocrx_word' id='word_1_124' title='bbox 779 1904 913 1941; x_wconf 81' lang='lat' dir='ltr'><strong>amieis</strong></span> 
     </span>
     <span class='ocr_line' id='line_1_27' title="bbox 196 1969 947 2015; baseline -0.004 -6"><span class='ocrx_word' id='word_1_125' title='bbox 196 1971 410 2009; x_wconf 80' lang='lat' dir='ltr'><strong>Antistans</strong></span> <span class='ocrx_word' id='word_1_126' title='bbox 439 1970 536 2006; x_wconf 82' lang='lat' dir='ltr'><strong>mihi</strong></span> <span class='ocrx_word' id='word_1_127' title='bbox 564 1970 722 2006; x_wconf 85' lang='lat' dir='ltr'><strong>milibus</strong></span> <span class='ocrx_word' id='word_1_128' title='bbox 751 1969 947 2015; x_wconf 71' lang='lat' dir='ltr'><strong>trecentis,</strong></span> 
     </span>
     <span class='ocr_line' id='line_1_28' title="bbox 199 2033 994 2073; baseline -0.003 -1"><span class='ocrx_word' id='word_1_129' title='bbox 199 2033 403 2073; x_wconf 72' lang='lat' dir='ltr'><strong>Venistine</strong></span> <span class='ocrx_word' id='word_1_130' title='bbox 437 2035 595 2071; x_wconf 83' lang='lat' dir='ltr'><strong>domum</strong></span> <span class='ocrx_word' id='word_1_131' title='bbox 627 2035 676 2070; x_wconf 81' lang='lat' dir='ltr'><strong>ad</strong></span> <span class='ocrx_word' id='word_1_132' title='bbox 706 2039 794 2071; x_wconf 88' lang='lat' dir='ltr'><strong>tuos</strong></span> <span class='ocrx_word' id='word_1_133' title='bbox 826 2034 994 2071; x_wconf 75' lang='lat' dir='ltr'><strong>Penates</strong></span> 
     </span>
     <span class='ocr_line' id='line_1_29' title="bbox 200 2098 1123 2148; baseline 0 -12"><span class='ocrx_word' id='word_1_134' title='bbox 200 2101 431 2148; x_wconf 83' lang='lat' dir='ltr'><strong>Fratresque</strong></span> <span class='ocrx_word' id='word_1_135' title='bbox 464 2099 670 2135; x_wconf 77' lang='lat' dir='ltr'><strong>unanimos</strong></span> <span class='ocrx_word' id='word_1_136' title='bbox 701 2112 897 2147; x_wconf 82' lang='lat' dir='ltr'><strong>anumque</strong></span> <span class='ocrx_word' id='word_1_137' title='bbox 930 2098 1123 2136; x_wconf 65' lang='lat' dir='ltr'><strong>matrem?</strong></span> 
     </span>
    </p>
   </div>
  </div>
 </body>
</html>
