1383 2365
512 152 816 210 OATULLUS.
1212 149 1256 185 57

127 272 248 321 Saepe
280 272 399 308 etiam
432 271 552 317 Juno,
587 271 758 308 maxima
791 270 1029 318 caelicolum,

76 336 261 386 Oonjugis
290 337 333 373 in
366 336 479 386 culpa
511 335 740 385 flagrantem
773 335 953 372 contudit
991 335 1100 380 iram,

127 402 302 438 Noscens
331 400 519 437 omnivoli
550 400 718 449 plurima
750 400 856 436 furta
887 399 915 436 J
919 399 1011 436 ovis.
1056 399 1129 435 100
1153 397 1260 449 (140)

76 467 143 513 At,
178 465 270 515 quia
301 478 370 502 nec
403 465 504 501 divis
534 464 710 501 homines
742 464 963 513 componier
994 476 1158 512 aequum
1193 467 1261 508 est,

127 531 331 580 Ingratum
366 529 525 566 tremuli
556 529 649 566 tolle
682 529 854 578 parentis
887 541 994 565 onus.

76 596 160 633 Nec
192 600 324 632 tamen
357 594 424 630 illa
456 593 554 630 mihi
587 594 725 630 dextra
758 593 923 630 deducta
957 596 1118 642 paterna

129 660 384 709 Fragrantem
416 658 581 707 Assyrio
614 658 723 695 venit
756 658 871 694 odore
903 658 1074 695 domum.

78 724 207 770 Quare
240 723 338 759 illud
372 722 465 759 satis
499 725 570 767 est,
605 721 639 758 si
671 722 782 758 nobis
816 722 848 758 is
882 722 998 757 datur
1031 734 1143 767 unus,

132 789 256 834 Quem
289 787 416 836 lapide
449 786 528 831 illa,
564 786 656 832 dies,
691 785 912 823 candidiore
945 790 1068 825 notat.

80 853 168 890 Hoc
201 852 284 898 tibi,
320 851 422 900 quod
456 850 577 900 potui,
613 850 830 887 confectum
864 850 1033 886 carmine
1066 862 1208 886 munus

132 917 210 954 Pro
243 915 390 963 multis,
426 915 523 962 Alli,
558 915 735 952 redditur
768 914 911 960 officiis,
1058 914 1132 951 110
1156 914 1264 965 (150)

80 983 142 1021 Ne
173 985 347 1018 vestrum
380 980 513 1016 scabra
545 983 681 1028 tangat
716 978 896 1028 robigine
928 992 1069 1015 nomen

133 1046 240 1085 Haec
273 1049 391 1094 atque
423 1044 492 1080 illa
525 1044 606 1080 dies
639 1048 756 1092 atque
788 1043 865 1080 alia
894 1047 1012 1092 atque
1045 1043 1132 1082 alia.

81 1112 172 1149 Huc
205 1110 349 1147 addent
380 1109 463 1145 divi
494 1121 611 1157 quam
644 1108 822 1157 plurima,
858 1121 956 1157 quae
989 1107 1145 1144 Themis
1177 1107 1267 1144 olim

133 1175 325 1224 Antiquis
358 1174 473 1210 solita
506 1177 565 1210 est
598 1186 759 1209 munera
792 1173 892 1210 ferre
925 1172 1010 1222 piis.

81 1241 176 1278 Sitis
207 1239 337 1276 felices
371 1242 411 1275 et
442 1243 487 1275 tu
521 1237 636 1274 simul
671 1244 710 1274 et
741 1242 809 1274 tua
841 1239 925 1274 vita
1061 1237 1135 1274 115
1158 1236 1267 1285 (155)

134 1305 188 1341 Et
217 1304 354 1340 domus
387 1303 483 1351 ipsa,
519 1303 560 1338 in
592 1315 668 1350 qua
699 1302 873 1346 lusimus,
907 1306 946 1338 et
977 1300 1145 1347 domina,

83 1371 136 1407 Et
167 1369 236 1419 qui
268 1368 460 1417 principio
493 1367 606 1404 nobis
636 1371 781 1403 terram
813 1366 920 1402 dedit
953 1367 1081 1403 aufert

134 1434 175 1471 A
208 1446 283 1483 quo
315 1436 407 1469 sunt
437 1431 562 1481 primo
592 1430 645 1467 mi
678 1430 808 1467 onmia
838 1435 931 1467 nata
963 1431 1074 1476 bona,

86 1500 136 1537 Et
165 1500 277 1548 longe
309 1502 399 1534 ante
425 1509 569 1541 omnes,
597 1495 693 1531 mihi
720 1508 817 1544 quae
848 1508 909 1531 me
937 1495 1060 1532 carior
1089 1495 1172 1544 ipso
1203 1498 1270 1541 est,

137 1564 226 1600 Lux
246 1575 341 1608 mea,
363 1574 440 1611 qua
460 1561 552 1597 viva
572 1560 702 1597 vivere
722 1560 832 1596 dulce
853 1559 950 1595 mihi
970 1563 1039 1596 est.
1066 1559 1140 1596 120
1162 1558 1271 1608 (160)

613 1739 735 1774 LXX.

87 1823 200 1861 Nulli
230 1835 271 1860 se
299 1822 394 1859 dicit
424 1822 563 1858 mulier
594 1833 679 1857 mea
709 1821 854 1857 nubere
885 1819 999 1857 malle

140 1888 267 1932 Quam
300 1885 407 1931 mihi,
442 1898 521 1921 non
550 1885 584 1921 si
614 1897 653 1921 se
685 1884 713 1920 J
717 1884 874 1933 uppiter
903 1884 985 1933 ipse
1015 1887 1134 1933 petat.

92 1953 218 1989 Dicit:
248 1951 314 1988 sed
342 1950 482 1986 mulier
511 1949 649 1998 cupido
679 1949 782 1997 quod
811 1948 906 1984 dicit
933 1948 1080 1984 amanti

140 2017 188 2053 In
218 2020 335 2053 vento
363 2019 403 2051 et
431 2014 565 2062 rapida
595 2013 759 2049 scribere
789 2017 942 2062 oportet
970 2025 1077 2061 aqua..
