1383 2365
138 91 185 127 4‘2
584 92 885 130 oATUhLUS.

138 208 195 245 Tu
229 222 321 247 vero
353 210 470 248 facito
504 216 549 249 ut
581 212 742 249 memori
773 212 845 249 tibi
875 211 1031 249 condita
1057 212 1170 249 corde

137 273 248 311 Haec
281 275 439 324 vigeant
471 277 667 323 mandata,
698 290 768 314 nec
802 277 882 313 ulla
909 277 1109 313 oblitteret
1137 282 1266 315 aetas:

138 338 199 376 Ut
231 339 347 376 simul
381 354 425 378 ac
456 346 609 379 nostros
641 342 813 378 invisent
847 341 997 378 lumina
1030 341 1145 378 colles

138 402 351 441 Funestam
384 409 577 442 antennae
611 406 807 454 deponant
840 406 1011 455 undique
1047 409 1207 452 vestem,
1253 405 1327 442 235

139 467 392 518 Candidaque
424 470 565 506 intorti
597 471 807 507 sustollant
841 471 928 507 vela
960 471 1155 516 rudentes,

139 533 264 578 Quam
297 534 467 583 primum
500 548 660 572 cernens
693 540 739 572 ut
771 535 873 572 laeta
905 535 1046 584 gaudia
1078 539 1207 572 mente

138 597 369 647 Agnoscam,
405 612 492 636 cum
526 603 564 637 te
597 600 776 637 reducem
809 604 915 637 aetas
948 612 1131 649 prospera
1162 597 1298 636 sistet?

191 663 301 700 Haec
334 664 519 701 mandata
552 664 661 713 prius
694 664 891 702 constanti
923 668 1054 701 mente
1087 668 1285 701 tenentem

137 728 284 764 Thesea
316 741 385 765 ceu
418 728 551 778 pulsae
585 733 792 766 ventorum
822 729 978 766 flamine
1012 729 1134 766 nubes
1254 728 1329 765 240

139 793 311 829 Aereum
344 793 451 830 nivei
484 794 629 831 montis
662 794 809 843 liquere
841 807 1034 831 cacumen.

140 858 196 893 At
224 861 345 906 pater,
376 862 422 894 ut
454 871 605 895 summa
637 862 883 908 prospectum
917 871 966 895 ex
993 871 1078 895 arce
1107 859 1274 908 petebat,

140 922 273 959 Anxia
305 923 347 959 in
383 923 557 960 assiduos
591 924 799 960 absumens
834 923 984 959 lumina
1018 923 1143 969 fletus,

139 986 237 1023 Cum
267 987 437 1036 primum
470 987 599 1024 inflati
628 987 831 1037 conspexit
863 987 984 1024 lintea
1016 987 1106 1033 veli,

142 1051 400 1101 Praecipitem
429 1065 511 1089 sese
545 1052 791 1102 scopulorum
824 1065 845 1089 e
878 1051 1022 1089 vertice
1049 1051 1157 1101 jecit,
1255 1052 1327 1087 245

142 1117 343 1153 Amissum
376 1117 534 1154 credens
566 1117 712 1153 immiti
743 1117 889 1154 Thesea
917 1117 1008 1154 fato.

141 1181 203 1218 Sic
236 1181 393 1218 funesta
425 1182 562 1218 domus
594 1182 790 1231 ingressus
823 1185 926 1219 tecta
958 1185 1120 1231 paterna

143 1246 272 1283 Morte
305 1246 414 1283 ferox
446 1246 627 1292 Theseus,
650 1247 806 1296 qualem
826 1246 996 1283 Minoidi
1024 1246 1193 1283 luctumr

142 1310 348 1348 Obtulerat
381 1316 510 1348 mente
543 1311 760 1348 immemori
792 1312 910 1348 talem
944 1312 1025 1360 ipse
1058 1310 1213 1360 recepit,

142 1375 250 1420 Quae
270 1379 355 1412 tum
375 1380 624 1425 prospectans
649 1376 847 1413 cedentem
874 1381 1020 1412 maesta
1044 1375 1215 1412 carinam
1257 1376 1331 1411 250

142 1440 384 1489 Multiplices
419 1441 549 1477 animo
583 1441 766 1477 volvebat
799 1441 928 1477 saucia
961 1453 1080 1478 curas.

194 1505 254 1541 At
286 1509 396 1554 parte
429 1519 478 1541 ex
511 1505 587 1542 alia
615 1505 756 1542 florens
785 1506 978 1542 volitabat
1010 1505 1173 1542 Iacchus

144 1570 241 1606 Cum
276 1569 402 1606 thiaso
436 1570 666 1618 Satyrorum
699 1574 739 1607 et
772 1570 983 1618 Nysigenis
1018 1570 1170 1615 Silenis,

142 1634 195 1671 Te
228 1647 428 1683 quaerens,
464 1634 652 1683 Ariadna,
686 1639 832 1684 tuoque
865 1635 1045 1672 incensus
1078 1647 1217 1671 amore.

144 1699 310 1744 Quicum
330 1699 474 1736 alacres
494 1699 637 1748 passim
656 1699 859 1748 lymphata
878 1703 1007 1735 mente
1030 1699 1223 1744 furebant,
1256 1699 1329 1736 255

144 1763 289 1809 Euhoe,
322 1763 572 1810 Bacchantes,
604 1763 736 1809 euhoe,
766 1767 883 1812 caput
910 1763 1161 1800 inflectentes.

144 1828 300 1865 Harum
330 1841 418 1877 pars
445 1832 548 1865 tecta
576 1828 806 1878 quatiebant
833 1828 989 1877 cuspide
1008 1828 1172 1876 thyrsos,

145 1893 241 1929 Pars
269 1905 290 1929 e
318 1892 471 1930 divulso
494 1893 698 1941 jactabant
725 1893 899 1929 membra
920 1893 1101 1941 juvenco,

145 1958 243 1994 Pars
271 1970 351 1994 sese
380 1958 495 1994 tortis
523 1957 768 2007 serpentibus
796 1957 1057 2006 incingebant,

145 2023 242 2060 Pars
270 2023 432 2059 obscura
460 2022 566 2059 cavis
593 2022 839 2060 celebrabant
868 2022 976 2071 orgia
1003 2022 1121 2067 cistis,
1263 2022 1335 2058 260

147 2087 276 2136 Orgia,
307 2100 404 2137 quae
433 2087 578 2124 frustra
607 2086 769 2136 cupiunt
797 2086 931 2123 audire
959 2086 1134 2136 profani;
