1383 2365
498 128 804 167 CATULLUS.
1197 127 1219 162 4
1226 126 1246 163 7

58 245 166 283 Talia
199 246 419 295 praefantes
453 248 648 294 quondam
682 244 809 281 felicia
843 243 951 281 Pelei

58 310 240 347 Carmina
272 310 406 347 divino
435 310 659 347 cecinerunt
692 314 845 359 pectore
882 309 1035 347 Parcae.

59 374 286 411 Praesentes
320 387 487 423 namque
522 378 613 411 ante
647 374 781 410 domos
813 373 981 411 invisere
1015 377 1144 411 castas
1175 375 1249 411 385

59 438 236 476 Heroum
269 443 308 475 et
340 451 421 475 sese
449 438 605 482 mortali
638 438 840 475 ostendere
873 443 985 475 coetu

58 501 280 548 Caelicolae,
315 502 489 539 nondum
523 506 653 551 spreta
685 501 842 551 pietate,
877 502 1063 538 solebant.

59 566 178 615 Saepe
212 571 322 615 pater
355 566 491 603 divum
524 566 670 616 templo
704 566 747 602 in
779 566 953 615 fulgente
986 566 1170 612 revisens,

56 630 204 667 Annua
235 644 324 667 cum
356 631 465 667 festis
499 631 698 668 venissent
729 644 836 668 sacra
869 631 1016 678 diebus,

59 694 271 745 Conspexit
300 699 404 732 terra
436 699 593 732 centum
622 695 874 744 procumbere
907 698 1065 733 tauros:
1175 694 1250 732 390

57 759 177 809 Saepe
210 772 331 808 vagus
364 759 481 796 Liber
514 759 678 796 Parnasi
711 760 856 796 vertice
888 772 1039 796 summo

58 824 251 873 Thyiadas
281 824 413 860 effusis
447 828 608 861 evantes
640 824 815 861 crinibus
847 824 936 873 egit,

60 887 158 924 Cum
193 888 337 937 Delphi
368 892 451 925 tota
484 888 664 925 certatim
697 901 746 925 ex
779 889 875 925 urbe
908 893 1065 926 tuentes

59 952 293 1001 Acciperent
326 953 419 989 laeti
452 952 588 989 divum
624 952 868 989 fumantibus
901 953 1002 990 aris:

60 1016 180 1065 Saepe
210 1016 252 1052 in
284 1017 436 1053 letifero
470 1017 562 1053 belli
596 1017 806 1053 certamine
842 1018 1003 1054 Mavors
1176 1019 1251 1056 395

59 1080 143 1117 Aut
176 1081 300 1130 rapidi
334 1081 506 1118 Tritonis
539 1094 605 1118 era
637 1085 707 1117 aut
735 1081 981 1118 Rhamnusia
1010 1082 1119 1131 virgo

60 1146 245 1181 Armatas
277 1145 481 1182 hominum
515 1150 574 1183 est
606 1159 787 1195 praesens
823 1146 977 1182 hortata
1010 1151 1195 1184 catervas.

60 1209 135 1247 Sed
165 1214 370 1259 postquam
404 1210 521 1246 tellus
554 1210 695 1247 scelere
728 1214 786 1247 est
820 1210 973 1247 imbuta
1005 1211 1172 1248 nefando

58 1273 340 1323 <Iustitiamque
372 1287 505 1311 omnes
538 1275 677 1323 cupida
705 1275 752 1311 de
785 1279 915 1311 mente
948 1275 1145 1324 fugarunt,

60 1339 269 1375 Perfudere
302 1351 440 1375 manus
474 1339 646 1375 fraterno
680 1339 868 1388 sanguine
901 1339 1052 1386 fratres,
1177 1340 1253 1378 400

60 1404 224 1441 Destitit
261 1403 454 1440 extinctos
492 1408 609 1440 natus
647 1403 780 1452 lugere
820 1408 1011 1452 parentes,

60 1468 224 1517 Optavit
252 1468 405 1517 genitor
437 1467 629 1517 primaevi
661 1468 798 1504 funera
831 1468 915 1505 nati

58 1533 176 1569 Liber
205 1537 252 1569 ut
283 1533 477 1581 innuptae
509 1536 712 1581 poteretur
745 1533 838 1569 flore
871 1545 1072 1585 novercae.

59 1597 201 1646 Ignaro
235 1600 359 1633 mater
391 1597 644 1634 substernens
677 1611 716 1634 se
750 1598 870 1647 impia
900 1603 1005 1646 nato,

44 1656 197 1710 Impia,
230 1673 310 1698 non
339 1661 466 1697 verita
495 1665 555 1698 est
589 1661 700 1698 divos
733 1661 916 1698 scelerare
954 1666 1147 1711 parentes,
1178 1662 1253 1700 405

58 1727 201 1765 (Jmnja
238 1726 356 1762 fanda
392 1726 560 1763 nefanda
596 1726 698 1763 malo
732 1725 926 1776 permixta
959 1727 1091 1765 furore

57 1791 277 1828 Justiticam
312 1790 423 1827 nobis
456 1796 626 1827 mentem
664 1796 840 1829 avertere
875 1793 1046 1831 deorum.

57 1855 186 1900 Quare
218 1868 287 1892 nec
320 1855 417 1891 tales
449 1855 662 1904 dignantur
694 1855 818 1893 visere
851 1861 993 1903 coetus,

57 1919 140 1958 Nec
173 1932 213 1955 se
245 1919 418 1969 contingi
451 1918 657 1967 patiuntur
690 1920 838 1956 lumine
871 1921 982 1957 claro.
