1383 2365
129 114 177 149 34
574 112 722 150 OATU
728 113 879 150 LLUS.

127 232 397 281 Tenerumque
426 231 528 268 vidis
558 231 679 269 Attin
709 245 828 282 prope
858 245 1051 270 marmora
1081 233 1216 283 pelagi,

129 296 239 333 Facit
268 296 484 345 impetum:
522 297 589 334 ille
620 297 778 334 demens
809 297 912 347 fugit
941 297 984 334 in
1014 311 1173 336 nemora
1201 299 1307 337 fera:

130 361 192 397 Ibi
221 374 374 411 semper
402 373 516 398 omne
548 361 654 398 vitae
684 362 855 411 spatium
886 362 1035 399 famula
1064 362 1150 400 fuit.
1275 364 1324 401 90

129 490 213 527 Dea
243 503 393 539 magna,
427 490 499 527 dea
529 489 701 538 Cybelle,
735 491 807 528 dea
837 491 995 528 domina
1027 491 1229 540 Dindymi,

129 554 269 591 Procul
303 568 326 591 a
356 567 442 591 mea
472 558 564 590 tuus
595 554 647 591 sit
676 557 786 592 furor
815 554 952 601 omnis,
985 568 1060 602 era,
1092 555 1232 594 domo:

130 619 241 657 Alios
271 632 340 669 age
370 618 565 664 inc-statos,
598 619 694 656 alios
713 632 784 668 age
806 618 971 657 rabidos,

654 742 803 779 LXIV.

129 824 283 861 Peliaco
313 824 507 873 quondam
542 825 754 873 prognatae
785 822 930 861 vertice
960 824 1076 873 pinus

130 888 332 925 Dicuntur
359 887 529 936 liquidas
560 887 743 937 Nephuni
770 900 882 925 nasse
911 901 979 938 per
1007 889 1133 925 undas

130 953 320 990 Phasidos
351 953 399 989 ad
431 953 574 989 fluctus
605 957 645 989 et
675 952 772 989 fines
802 952 1019 998 Aeetaeos;

129 1017 230 1056 Cum
261 1017 351 1054 lecti
377 1018 555 1066 juvenes,
589 1017 764 1065 Argivae
798 1018 936 1054 robora
966 1016 1091 1067 pubis,

130 1083 325 1119 Auratam
356 1085 540 1131 optantes
572 1080 728 1119 Colchis
758 1086 935 1119 avertere
965 1082 1116 1131 pellem,
1302 1082 1325 1119 5

131 1147 232 1184 Ausi
259 1151 353 1184 sunt
381 1147 481 1184 vada
509 1147 610 1184 salsa
638 1146 716 1184 ciba
746 1147 948 1185 decurrere
978 1148 1110 1197 puppi,

130 1211 296 1249 Caerula
326 1215 528 1248 verrentes
558 1211 733 1261 abiegnis
763 1224 931 1260 aequora
959 1212 1108 1262 palmis.

130 1276 236 1312 Diva
267 1276 409 1325 quibus
438 1276 613 1313 retinens
641 1276 684 1312 in
713 1277 875 1314 summis
906 1277 1069 1314 urbibus
1099 1282 1204 1314 arces

130 1341 222 1390 Ipsa
249 1341 327 1378 levi
355 1340 448 1377 feeit
476 1341 709 1378 volitantem
740 1342 897 1378 flamine
926 1355 1093 1388 currum,

129 1405 253 1443 Pinea
283 1406 524 1455 conjungens
554 1406 720 1443 inflexae
752 1410 862 1443 texta
892 1407 1054 1444 carinae.
1279 1407 1326 1445 10

130 1469 207 1506 Illa
237 1471 374 1507 rudem
405 1483 520 1506 cursu
553 1470 678 1519 prima
708 1471 852 1508 imbuit
882 1471 1156 1520 Amphitriten
1169 1486 1180 1521 3

131 1533 238 1579 Quae
268 1534 386 1572 simul
416 1548 460 1571 ac
491 1539 617 1571 rostro
651 1540 855 1572 ventosum
886 1536 1073 1585 proscidit]
1103 1549 1257 1585 aequor,

129 1598 324 1647 Tortaque
355 1598 516 1648 remigio
547 1598 695 1648 spumis
725 1599 930 1636 incanduit]
960 1600 1075 1646 unda,

130 1662 333 1699 Emersere
363 1663 438 1699 feri
468 1663 652 1699 candenti
682 1676 703 1700 e
733 1664 888 1713 gurgite
919 1664 1065 1710 vultus,

129 1727 359 1776 Aequoreae
391 1732 610 1764 monstrum
641 1728 832 1765 Nereides
862 1729 1110 1766 admirantes.
1280 1726 1327 1767 15

130 1789 235 1837 Illae,
268 1791 448 1840 haudque
478 1792 564 1837 alia,
598 1793 784 1829 viderunt,
815 1793 899 1829 luce
933 1794 1103 1830 marinas

130 1855 319 1893 Mortales
348 1856 470 1892 oculis
503 1857 650 1893 nudabo
680 1870 837 1906 corpore
868 1858 1060 1907 nymphas

131 1919 171 1955 N
173 1919 342 1956 utricum
375 1924 490 1957 tenus
513 1925 714 1959 exstantes
743 1935 764 1959 e
792 1923 946 1972 gurgite
974 1937 1080 1962 cano.

130 1983 229 2020 Tum
259 1984 436 2021 Thetidis
468 1985 609 2021 Peleus
640 1985 821 2022 incensus
852 1986 977 2023 fertur
1007 1999 1145 2032 amore,

128 2047 228 2084 Tum
260 2048 395 2085 Thetis
426 2049 617 2086 humanos
648 2063 728 2086 non
758 2050 938 2099 despexit
970 2051 1216 2099 hymenaeos,
1276 2051 1325 2088 20

129 2111 229 2147 Tum
258 2112 416 2149 Thetidi
446 2117 557 2160 pater
587 2114 669 2156 ipse
693 2114 914 2161 ,iugandum
946 2114 1062 2151 Pelea
1093 2114 1222 2152 sensit.
